3120 5302
822 511 981 570 -78-

338 651 482 740 propter
501 644 618 739 ipsum
637 633 827 716 artificium
841 651 877 717 et
892 644 1047 742 publicis
1066 645 1191 719 studiis
1209 652 1244 718 et
1260 644 1461 718 honoribus

338 766 471 849 auctos,
494 765 600 855 atque
615 782 636 832 a
650 758 848 833 civitatibus
868 768 903 833 et
924 759 1065 857 regibus
1085 761 1249 835 homines
1264 761 1460 857 privilegiis

338 881 481 949 ornatos
499 875 606 948 luisse
625 874 908 950 demonstratum
929 877 1047 950 suerit.

387 995 429 1064 ln
451 1015 492 1065 ea
517 992 625 1089 igitur
644 1015 761 1080 causa,
781 992 824 1067 de
840 1017 910 1091 qua
923 994 1073 1068 minime
1094 993 1346 1068 dubitaverunt
1365 993 1461 1067 anti-

338 1109 400 1205 qui
415 1110 604 1204 scriptores
621 1109 741 1205 gracci,
760 1112 928 1184 standum
941 1117 994 1184 est
1010 1111 1208 1186 Aristotelis
1219 1113 1370 1209 judicio,
1391 1110 1460 1183 mi-

338 1227 434 1299 nime
447 1226 658 1300 reiscenicae
670 1225 817 1299 adversi.
836 1229 945 1325 Cujus
957 1234 1078 1303 tamen
1088 1229 1311 1326 prudentiam
1324 1229 1458 1302 imitari

337 1342 439 1417 decet
454 1350 489 1417 et
500 1344 699 1440 plerosque,
714 1368 788 1418 non
802 1346 997 1433 univorsos,
1012 1346 1152 1419 scenico
1166 1346 1316 1420 artificio
1333 1347 1460 1442 depra-

337 1470 434 1535 vatos
454 1461 563 1534 fuisse
588 1461 803 1559 putandum,
824 1464 872 1535 ita
890 1468 940 1554 ut,
955 1468 988 1535 et
1008 1463 1044 1535 in
1075 1463 1145 1536 hoc
1166 1487 1306 1561 genere,
1326 1463 1457 1563 aliquis

337 1576 440 1651 bonis
455 1578 663 1652 hominibus
682 1602 865 1674 superesse
884 1579 994 1676 possit
1015 1579 1126 1653 locus.

386 1693 480 1766 lllud
494 1717 579 1768 vero
596 1697 781 1792 proprium
797 1696 932 1770 crimen
951 1697 1100 1772 scenicis
1118 1696 1314 1771 artificibus
1332 1697 1458 1795 graecis

335 1810 623 1907 exprobrandum
646 1809 785 1885 videtur
804 1812 900 1906 quod
924 1813 1188 1909 promptissime
1203 1813 1371 1887 adversus
1389 1837 1456 1911 pa-

335 1928 410 2001 triae
437 1927 638 2002 libertatem
661 1953 785 2026 regum
808 1936 925 2026 partes
950 1929 1104 2026 amplexi
1133 1936 1229 2019 sunt,
1259 1937 1294 2004 et
1321 1932 1359 2003 in
1387 1931 1456 2005 hoc

334 2053 508 2142 prouentu
538 2047 760 2142 proditorum
779 2046 911 2142 quibus
939 2069 1107 2143 oppressa
1132 2047 1248 2143 periit,
1279 2047 1453 2121 auxilium

333 2186 562 2260 nequaquam
590 2162 717 2236 inutile
747 2162 984 2238 Macedonum
1011 2164 1086 2259 regi
1111 2162 1319 2237 attulerunt.
1350 2162 1454 2250 Quod

333 2304 406 2354 non
426 2280 642 2377 casualiquo
658 2281 711 2353 vel
733 2281 887 2378 Philippi
904 2281 1020 2354 solum
1041 2281 1177 2354 artibus
1190 2282 1372 2370 accidisse,
1391 2280 1454 2354 sod

333 2398 451 2493 potius
479 2421 521 2470 ex
555 2397 733 2471 artificum
762 2399 904 2495 ingenio
931 2405 964 2472 et
992 2397 1196 2472 conditione
1225 2407 1344 2473 ortum
1378 2421 1453 2472 esse

335 2515 510 2588 existimo.

382 2631 445 2704 His
465 2631 561 2705 onim
587 2629 797 2704 bominibus
815 2630 905 2703 lastu
925 2631 1025 2705 inani
1045 2631 1145 2706 elatis
1165 2638 1199 2706 et
1218 2631 1452 2728 largitionum

332 2747 579 2846 appetentibus
601 2746 712 2820 civilis
733 2746 916 2844 aequalitas
941 2749 1055 2845 gravis
1081 2771 1220 2845 semper
1239 2749 1311 2822 risa
1334 2755 1400 2841 cst,
1418 2755 1454 2822 et

332 2866 501 2962 quaesitus
512 2866 573 2962 qui
587 2864 808 2938 blandiretur
827 2870 861 2937 et
876 2864 1075 2962 largiretur.
1092 2865 1111 2938 J
1114 2889 1184 2957 am,
1200 2867 1238 2938 in
1252 2865 1453 2939 Athenien·

331 2983 424 3055 sium
444 2981 641 3078 republica,
662 2980 853 3056 Alcibiadis
876 2982 1037 3078 gratiam,
1061 2981 1189 3078 opibus
1207 2990 1242 3057 et
1261 3005 1323 3078 spe
1343 3006 1453 3080 supra

330 3099 470 3172 civilem
494 3099 644 3172 modum
663 3099 864 3185 crescentis
889 3099 1134 3194 appetiverunt
1152 3101 1319 3190 artifices,
1342 3100 1448 3196 cujus

330 3215 463 3289 auxilio
484 3214 649 3289 adversus
668 3215 761 3312 leges
781 3221 979 3289 uterentur.
1005 3221 1162 3312 Hegemo
1188 3218 1352 3290 scenicus
1369 3219 1449 3314 qui·

329 3333 425 3419 dam,
448 3355 560 3427 quum
575 3330 641 3428 ipsi
662 3330 735 3404 dies
751 3331 844 3405 dicta
862 3339 965 3419 esset,
983 3335 1201 3430 congregatis
1221 3333 1373 3407 scenicis
1389 3356 1448 3407 ar-

327 3447 483 3522 tificibus
505 3447 549 3521 ad
570 3446 789 3522 Alcibiadem
809 3449 967 3546 conlugit
979 3476 989 3538 ;
1014 3451 1044 3522 is
1062 3473 1156 3542 vero,
1178 3451 1301 3547 gratiae
1324 3457 1448 3525 osten-

327 3567 443 3639 tandae
461 3587 566 3638 causa
587 3571 623 3637 ot
641 3563 779 3661 legibus
792 3567 1002 3662 contemptis
1019 3565 1129 3655 feror,
1147 3567 1275 3661 ipsein
1295 3569 1444 3661 Metroo‚

330 3681 390 3755 ubi
407 3683 564 3755 actiones
581 3681 878 3770 inscribebantur,
897 3681 1160 3778 magistratibus
1173 3683 1448 3780 indignantibus

328 3810 363 3878 et
381 3804 592 3896 tacentibus,
611 3805 872 3878 accusationem
891 3803 1021 3877 delevit
1037 3800 1102 3901 (l).
1123 3803 1228 3876 Hunc
1250 3804 1360 3901 igitur
1375 3803 1446 3878 du-

328 3943 407 3994 cem
431 3922 560 4018 etjam
595 3942 698 4017 paene
725 3927 917 4014 tyrannum
948 3918 1100 3991 artifices
1127 3919 1425 4017 circumspectare
1433 3943 1444 4006 ;

312 4037 427 4112 'hunc
442 4037 563 4112 exsilio
579 4038 745 4110 reducem
769 4036 894 4108 studiis
914 4035 1044 4109 fouere.
1071 4038 1111 4106 ln
1136 4036 1215 4109 navi
1236 4058 1310 4132 qua
1326 4043 1447 4110 vectus

328 4157 480 4230 Piraeum
500 4155 677 4251 ingressus
690 4159 754 4235 est,
772 4153 1021 4249 Chrysogonus
1032 4153 1237 4249 pythionica
1249 4153 1445 4250 remigibus

330 4273 492 4347 nauticos
503 4273 627 4344 modos
637 4268 870 4366 praecinebat;
887 4267 1103 4366 Callippidas
1114 4269 1306 4366 tragoedus,
1319 4269 1445 4344 eodem

367 4534 408 4616 (r)
429 4530 610 4608 atheneus,
623 4532 674 4608 rx,
692 4545 723 4608 p.
740 4532 808 4590 ror.
