3248 5296
733 529 891 588 ..19-

254 660 385 735 bantur
395 688 404 750 ;
420 661 495 753 sed,
512 661 574 736 ubi
589 685 704 737 annus
718 664 919 738 accuratius
930 662 1157 737 definiendus
1169 667 1258 749 erat,
1276 684 1369 736 eam-

252 782 334 855 dem
349 788 551 878 temporum
572 783 747 858 rationem
772 807 879 880 quam
901 784 1058 858 civitates
1082 782 1120 853 in
1145 781 1274 878 quibus
1295 805 1371 854 ver-

252 896 435 985 sabantur,
451 897 682 994 usurpabant.
703 903 754 973 lta
768 900 843 989 Tei,
863 901 1055 994 septimum
1071 921 1208 972 annum
1222 921 1372 994 regnan-

252 1016 296 1087 tis
318 1014 425 1087 Attali
455 1015 599 1111 praelert
623 1040 716 1089 unus
744 1017 870 1088 titulus
897 1014 947 1114 (4)
957 1043 966 1104 ;
998 1017 1119 1112 Argis,
1154 1015 1306 1090 alterum
1337 1021 1374 1086 et

253 1132 472 1205 tricesimum
493 1156 654 1221 annum,
674 1133 776 1206 nulla
794 1132 864 1206 alia
887 1133 1150 1229 designatione;
1181 1132 1261 1227 qui,
1283 1141 1373 1205 etex

255 1247 333 1322 aliis
349 1248 489 1321 indiciis
504 1259 538 1321 et
555 1273 574 1320 e
598 1272 698 1323 more
717 1249 756 1321 in
771 1247 940 1322 omnibus
959 1247 1103 1345 populis
1122 1248 1208 1321 olim
1226 1248 1374 1321 Achaici

255 1363 398 1436 loederis
413 1364 645 1460 participibus
659 1364 853 1450 obtinente,
870 1363 914 1436 ab
930 1363 1061 1436 Achaia
1075 1364 1113 1435 in
1129 1363 1280 1437 sormam
1294 1388 1374 1460 pro·

256 1481 382 1555 vinciae
399 1483 553 1570 redacta,
571 1481 831 1580 computandus
846 1487 898 1554 est
914 1478 979 1578 (hl.
1000 1480 1148 1553 Athenis
1162 1504 1259 1568 vero,
1283 1481 1374 1553 utin

255 1596 424 1673 omnibus
439 1605 501 1671 aut
516 1599 663 1671 civitatis
686 1607 746 1672 aut
764 1597 999 1694 collegiorum
1020 1596 1107 1669 actis
1122 1596 1287 1683 solitum,
1312 1620 1375 1669 ar-

255 1712 394 1790 chontis
411 1714 576 1810 eponymi
591 1714 773 1787 mentione
788 1714 873 1788 anni
891 1719 1061 1787 notantur
1079 1711 1143 1810 (3).

305 1833 338 1902 ls
358 1837 479 1905 autem
508 1830 637 1903 Bacchi
669 1830 853 1921 sacerdos,
882 1854 955 1904 nou
984 1837 1078 1902 sorte
1108 1829 1169 1902 sed
1195 1829 1375 1926 suffragiis

257 1946 528 2042 designabatur3
545 1969 669 2020 annua
683 1947 828 2044 quidem
845 1954 920 2021 crat
932 1946 1096 2044 dignitas,
1118 1946 1180 2019 sed
1195 1947 1243 2019 ita
1257 1954 1375 2019 tamen

257 2068 298 2137 ut
317 2062 411 2136 idem
429 2086 493 2160 per
512 2062 633 2158 plures
654 2088 766 2139 annos
785 2063 867 2160 eligi
893 2071 1024 2160 posset.
1052 2061 1155 2149 Quod
1175 2086 1220 2136 cx
1245 2062 1376 2135 illustri

255 2179 379 2276 etjam
394 2178 485 2252 bena
509 2184 593 2252 noto
618 2180 779 2253 Cratonis
800 2179 965 2274 exemplo
980 2179 1210 2253 manifestum
1229 2184 1293 2266 est,
1314 2179 1377 2274 qui

257 2296 311 2369 bis
326 2294 522 2370 sacerdotio
542 2295 688 2369 iunctus
702 2303 753 2369 est
771 2295 836 2395 (4).
854 2295 1015 2370 Alterum
1028 2297 1136 2370 etiam
1149 2294 1377 2392 suppeditant

258 2413 441 2510 Delphicae
456 2413 599 2504 tabulae,
623 2424 777 2512 quatuor
791 2417 896 2489 annis
914 2414 1074 2513 ejusdem
1099 2415 1292 2490 sacerdotis
1307 2438 1376 2487 no-

257 2532 354 2605 mine
367 2533 557 2629 praeposito
573 2530 638 2631 (5).

307 2653 411 2723 Hunc
436 2658 554 2724 autem
584 2673 626 2723 ex
652 2651 830 2724 artificum
859 2675 1006 2748 corpore
1032 2652 1137 2725 fuisse
1174 2657 1209 2724 et
1234 2657 1377 2748 propter

259 2764 467 2862 dignitatem
495 2766 685 2840 artificium
711 2791 783 2840 non
814 2769 996 2857 omisisse,
1025 2789 1230 2863 quanquam
1258 2791 1322 2863 per
1340 2791 1377 2841 se

258 2883 343 2955 satis
358 2888 465 2979 patet,
481 2883 619 2955 disertis
632 2890 751 2957 tamen
766 2883 928 2980 lapidum
944 2885 1155 2957 testimoniis
1170 2883 1376 2956 confirmari

260 2999 346 3072 utile
360 2997 528 3072 arbitror.
555 3001 659 3073 Grato
679 3005 774 3073 certe
798 2998 931 3072 tibicen
956 2999 1109 3095 cyclicus
1133 3001 1170 3072 in
1191 3000 1376 3073 nonnullis

258 3114 372 3188 titulis
400 3115 600 3213 appellatur
634 3114 684 3213 (6)
716 3122 858 3189 etcum
889 3118 1058 3190 cecinisse
1092 3119 1188 3213 apud
1220 3120 1376 3190 lascnses

259 3233 495 3305 certissimum
513 3244 565 3305 est
581 3230 645 3329 (7).
671 3237 711 3304 ln
729 3231 854 3305 eodem
870 3230 986 3329 lapide
1002 3241 1219 3307 memoratus
1234 3240 1268 3307 ct
1286 3233 1377 3305 alius

258 3346 404 3438 tibicen,
427 3351 570 3444 Satyrus
584 3346 767 3421 Aristoclis
784 3352 940 3440 Boeotus,
955 3350 1052 3422 idem
1067 3374 1141 3424 esse
1156 3351 1297 3424 ridetur
1314 3353 1377 3447 qui

259 3467 413 3561 Satyrus,
447 3464 584 3560 collegii
613 3464 700 3549 Teii,
728 3465 890 3536 Cratonis
917 3472 1090 3560 tempore,
1116 3465 1280 3540 sacerdos
1310 3476 1320 3555 (
1347 3465 1374 3565 ).

260 3583 311 3652 Ex
336 3579 462 3655 codem
483 3580 632 3676 collegio
661 3580 845 3653 Cratinum
874 3581 1092 3655 sacerdotem
1117 3581 1301 3678 probabile
1325 3590 1377 3657 cst

262 3861 264 3865 ’
299 3869 340 3952 (lp
351 3951 354 3959 ι
365 3870 480 3954 Corpus
494 3872 579 3934 inser.
597 3892 657 3953 pn,
673 3875 763 3936 3040.

298 3966 342 4048 (2)
364 3971 507 4044 Foucart,
523 3968 621 4028 Recita
634 3967 776 4044 oivcte'ot,
794 3970 882 4048 1870,
899 3973 919 4029 t.
936 3967 972 4044 ll,
990 3967 1010 4029 l.
1024 3975 1055 4030 7.

298 4062 342 4140 (3)
364 4064 413 4123 Fr.
428 4065 628 4138 Lenormant,
645 4060 821 4122 Becherclzes
839 4045 998 4140 dE'leusis,
1015 4067 1064 4141 26,
1081 4063 1102 4126 l.
1118 4067 1167 4141 13,
1184 4069 1234 4128 at.

296 4154 340 4234 (4)
364 4157 477 4236 Corpus
492 4157 580 4216 inser.
598 4176 657 4235 pr„
676 4158 765 4230 3067,
782 4156 805 4216 l.
820 4160 887 4218 6-9.
1301 4182 1303 4187 ’

297 4247 340 4328 (5)
362 4249 551 4330 Irucrcptions
565 4250 684 4310 ineditos
696 4249 730 4310 de
744 4249 883 4326 Delphos,
898 4255 927 4327 3,
942 4255 971 4329 4,
990 4255 1019 4328 ὅ,
1036 4257 1065 4314 6.

298 4341 340 4421 (6)
366 4342 478 4424 Corpus
493 4345 580 4404 rosor.
597 4364 658 4424 pc,
675 4347 751 4405 3067
768 4351 879 4424 etseq.

301 4436 341 4515 (7)
362 4441 405 4499 Le
419 4441 478 4500 Bas
493 4444 524 4499 et
538 4439 763 4518 Waddington,
783 4438 874 4500 lusor.-
890 4439 1139 4519 d'Asc'e-Miueure,
1154 4447 1221 4504 955.

304 4530 347 4612 (8)
364 4533 475 4613 Corpus
489 4533 576 4594 inser.
591 4553 652 4612 pru,
662 4536 792 4610 60684..
844 4562 850 4577 ·
