3120 5302
657 541 862 597 “-26-

272 672 459 768 Singulare
478 678 598 745 autem
620 671 822 745 officiorum
850 672 1052 769 exemplum
1070 682 1104 748 et
1121 675 1269 771 insignis
1285 698 1341 747 ar-

222 788 359 861 tificum
390 789 426 859 in
456 785 641 859 reserenda
666 788 778 883 gratia
802 786 993 884 diligentia
1023 787 1182 862 exhibuit
1219 791 1337 875 Grato,

222 908 323 1005 cujus
347 904 532 979 beneficiis
562 912 596 977 et
623 902 790 978 laudibus
812 905 957 979 resectos
976 929 1036 978 sex
1058 907 1178 980 titulos
1195 906 1340 980 fortuna

220 1046 335 1120 usque
363 1022 408 1096 ad
432 1028 591 1118 posteros
609 1021 764 1118 pertulit.
788 1021 854 1094 Hic
879 1022 944 1110 vir,
970 1022 1195 1095 Chalcedone
1219 1030 1335 1108 naun,

221 1141 355 1214 tibicen
367 1138 532 1235 cyclicus,
551 1160 633 1210 mox
649 1139 687 1210 in
703 1137 829 1211 Teium
845 1137 1037 1234 collegium
1051 1139 1263 1235 adscriptus,
1277 1162 1339 1212 so-

223 1255 359 1329 dalium
373 1254 516 1328 utilitati
534 1255 638 1327 unice
654 1252 810 1327 deditam
829 1254 937 1327 vitam
952 1255 1086 1350 peregit
1093 1281 1102 1342 ;
1122 1255 1226 1352 cujus
1243 1260 1341 1328 tanta
1383 1327 1385 1330 .

222 1373 289 1446 luit
302 1395 384 1469 erga
401 1373 558 1446 scenicos
579 1395 690 1468 quum
713 1369 856 1467 publice
879 1377 957 1442 tum
975 1371 1109 1465 private
1126 1370 1341 1445 benevolen-

222 1492 270 1563 tia
289 1496 327 1562 ut
350 1513 423 1562 non
442 1488 658 1563 asodalibns
676 1488 793 1562 solum
811 1488 872 1561 sed
888 1489 995 1561 etiam
1015 1485 1059 1561 ab
1077 1488 1233 1560 externis
1251 1489 1339 1561 arti-

222 1605 349 1679 ficibus
375 1629 417 1678 ex
441 1605 575 1678 Isthmo
605 1611 640 1679 et
663 1609 795 1678 Nemea
820 1603 997 1678 coleretur
1017 1602 1083 1702 (l).
1107 1604 1232 1676 Positee
1262 1605 1341 1700 ejus

221 1728 344 1795 statuae
367 1727 401 1795 et
424 1722 557 1819 effigies
572 1745 645 1796 non
658 1724 719 1796 Tei
739 1727 890 1810 tantum,
909 1717 971 1793 sed
992 1719 1100 1792 etiam
1117 1718 1217 1808 Deli3
1237 1742 1340 1814 repe·

221 1839 284 1912 tita
308 1839 346 1910 in
369 1836 533 1934 pluribus
553 1838 640 1911 locis
664 1843 697 1910 et
719 1836 815 1910 lestis
833 1836 1013 1910 honorum
1034 1842 1070 1909 et
1091 1833 1338 1908 laudationum

220 1955 511 2029 commemoratio
529 1952 595 2053 (2).
618 1955 699 2041 oui,
729 1977 841 2050 quum
863 1953 936 2050 jam
958 1957 1167 2048 «apparatu
1194 1952 1339 2048 impen-

220 2073 338 2169 sisque
352 2072 489 2168 priores
509 2072 708 2145 sacerdotes
725 2077 758 2144 et
781 2068 1013 2166 agonothetas
1032 2092 1156 2142 omnes
1175 2091 1339 2165 superas-

221 2195 273 2261 set
290 2186 341 2286 (3)
360 2217 374 2255 u
403 2195 437 2259 et
459 2185 759 2261 «memorabilem
788 2185 937 2281 posteris
963 2184 1211 2281 magistratum
1231 2207 1337 2257 sunm

222 2301 421 2399 reliquisset
435 2301 486 2402 (l)
503 2333 540 2391 a,
560 2304 738 2401 praeterita
753 2302 925 2376 beneficia
939 2301 1135 2399 majoribus
1155 2301 1261 2375 etiam
1276 2325 1338 2375 su·

219 2443 343 2517 perare
366 2443 560 2517 aggressus,
592 2420 740 2517 gratiam
763 2418 932 2491 Eumenis
958 2424 993 2491 et
1018 2418 1139 2505 Attali,
1167 2441 1237 2514 qua
1261 2419 1337 2515 ipse

219 2535 329 2609 lretus
347 2537 506 2633 Pergami
518 2537 577 2633 jus
591 2535 739 2609 civitatis
754 2535 903 2631 adeptus
917 2540 1005 2624 erat,
1023 2534 1219 2611 artificibus
1236 2536 1336 2610 omni

218 2675 286 2748 ope
304 2651 517 2739 conciliavit,
539 2675 629 2748 quos
644 2653 682 2723 in
700 2674 897 2748 cognomen
915 2651 1053 2748 regium
1074 2650 1224 2726 adscitos
1239 2651 1336 2726 veri-

219 2768 334 2842 simile
344 2774 396 2840 est
411 2766 603 2865 privilegiis
614 2773 757 2841 ornatos
775 2767 881 2841 luisse
894 2766 958 2865 (5).
972 2767 1129 2840 Tandem
1144 2766 1331 2856 decedens,

152 2870 155 2875 ⁴
220 2892 260 2957 nt
278 2885 525 2959 convenientia
548 2885 656 2958 totius
676 2885 756 2957 vitae
773 2884 887 2957 tenori
907 2883 1082 2957 beneficia
1101 2883 1332 2980 relinqueret,

218 3002 332 3074 adem
353 3000 542 3075 Attalicam
562 2999 765 3097 sumptibus
778 3001 850 3072 suis
866 2998 1092 3090 aedificatam,
1110 2999 1259 3073 domum
1279 3024 1334 3072 re·

217 3116 283 3210 gine
313 3117 531 3212 contiguam,
560 3115 683 3189 decem
713 3114 812 3187 mille
839 3121 873 3187 et
894 3115 1103 3211 quingentas
1132 3113 1332 3205 drachmas,

220 3254 374 3328 quarum
396 3255 438 3305 ex
464 3231 580 3305 reditu
605 3232 732 3304 fierent
758 3231 930 3304 sacrificia
951 3238 986 3304 et
1008 3237 1119 3304 coetus
1142 3231 1331 3321 artificum,

219 3370 337 3421 servos
356 3370 450 3438 suos,
476 3346 644 3420 utensilia
666 3346 710 3420 ad
735 3354 901 3420 ornatum
922 3347 1049 3443 templi
1072 3359 1133 3420 aut
1154 3347 1334 3421 scenicum

218 3470 427 3560 apparatum
457 3465 654 3538 neccssaria
688 3462 881 3537 sodalitatis
916 3486 990 3538 esse
1022 3468 1231 3537 testamento
1256 3464 1333 3561 jus-

217 3581 261 3653 sit
280 3579 346 3679 (6).

265 3695 425 3770 Artifices
444 3703 580 3785 contra,
603 3718 716 3792 quum
735 3703 788 3769 tot
807 3702 842 3769 et
856 3697 962 3770 tantis
982 3695 1166 3771 beneficiis
1180 3719 1333 3793 respon-

216 3813 300 3887 dere
317 3812 513 3902 studerent,
534 3813 572 3886 in
591 3812 690 3886 huno
709 3814 824 3887 virum
848 3815 1023 3911 congestis
1039 3813 1208 3888 omnibus
1222 3814 1333 3887 hono·

256 4066 297 4147 (l)
320 4065 433 4146 Corpus
448 4065 535 4126 ioscr.
551 4086 613 4147 gr„
628 4067 706 4128 3068
720 4067 754 4128 C.

253 4158 295 4240 (2)
321 4158 434 4240 Corpus
447 4159 537 4220 inser.
553 4179 615 4239 pra,
630 4162 719 4236 3067,
736 4159 867 4222 abach.

254 4254 297 4334 (3)
321 4251 434 4334 Corpus
449 4252 537 4313 inser.
554 4272 612 4332 gr,
626 4255 715 4327 3067,
733 4252 755 4315 l.
772 4256 859 4315 9-10.

253 4347 297 4429 (t)
320 4347 433 4428 Corpus
450 4346 539 4409 inser.
554 4367 615 4427 pr„
631 4349 709 4409 3068
722 4348 756 4418 Β,
770 4347 791 4407 l.
806 4350 906 4409 ll-la.

254 4443 293 4523 (5)
318 4439 431 4522 Corpus
447 4440 534 4503 inser.
550 4459 611 4520 pr,
625 4442 715 4517 3069,
730 4442 753 4503 l.
772 4443 837 4502 9-2.

253 4534 297 4615 (6)
320 4534 436 4615 Corpus
449 4534 537 4598 inser.
552 4554 613 4614 pr„
629 4534 721 4600 3069.
736 4533 756 4596 l.
769 4536 879 4610 noa&
894 4536 983 4597 3071.
