3120 5302
703 555 799 613 ..21
824 584 864 600 ..

221 688 286 783 qui
301 686 478 760 Bacchum
493 697 525 757 et
537 687 630 759 Deos
644 684 871 782 benefactores
888 687 1005 758 colent
1019 685 1085 784 (l).
1104 687 1208 775 Quod
1230 710 1344 762 sacer·
1472 789 1475 793 ἡ

223 803 374 890 datium,
396 803 470 874 viro
491 801 568 874 aliis
583 801 813 897 amplissimis
831 802 1042 876 muneribus
1057 803 1179 877 luncto
1195 804 1343 878 manda-

222 925 312 1007 tum,
329 919 406 992 fieri
421 919 537 1016 putuit
552 903 677 990 utnon
693 918 890 992 artificibus
903 921 965 991 sed
989 919 1211 1016 alienigenis,
1228 921 1343 996 hono-

220 1035 270 1106 ris
284 1058 402 1123 causa,
417 1058 437 1108 a
453 1033 605 1131 collegio
619 1033 849 1108 tribueretur.

271 1153 510 1249 Magistratus,
534 1152 605 1226 alio
630 1153 725 1248 apud
747 1153 836 1226 alies
863 1152 1058 1244 vacabulo,
1087 1155 1152 1227 etsi
1187 1155 1343 1227 neminis

222 1270 334 1366 magis
351 1292 458 1365 quam
480 1269 640 1341 muneris
662 1267 842 1342 diversitas
858 1278 922 1359 est,
941 1270 1072 1343 melius
1086 1271 1153 1343 erit
1167 1269 1340 1366 singulos,

219 1391 326 1481 prout
340 1387 443 1481 copia
455 1385 617 1482 lapidum
632 1385 885 1482 suppeditabit,
906 1409 1103 1462 recensere.

265 1502 370 1597 Apud
388 1501 504 1589 Teios,
521 1502 675 1575 occurrit
691 1501 939 1576 universorum
954 1503 1225 1598 magistratuum
1241 1528 1342 1578 men-

219 1619 267 1691 tio
287 1615 353 1716 (2).
379 1617 481 1691 Solus
502 1624 621 1691 tamen
643 1618 789 1691 nomine
808 1605 1016 1713 designatur
1033 1619 1340 1714 agenotheta,.an-

219 1756 312 1805 nuus
330 1741 364 1806 et
379 1733 557 1830 artificum
570 1732 744 1829 suffragiis
755 1732 888 1806 electus
903 1731 969 1831 (3).
990 1734 1099 1827 Cujus
1116 1736 1340 1831 praecipuum

218 1874 363 1939 munuc,
382 1856 420 1923 ut
441 1850 508 1923 lert
534 1851 609 1946 ipse
625 1849 807 1946 dignitatis
829 1850 974 1933 titulus,
998 1857 1073 1923 erat
1101 1848 1339 1926 certaminum

216 1989 303 2039 cura
323 1965 453 2064 quibus
471 1969 546 2063 ipse
564 1973 714 2062 praeerat
730 1963 796 2064 (t).
820 1969 886 2041 Res
905 1974 1025 2041 autem
1047 1966 1113 2040 luit
1133 1969 1253 2064 magni
1266 1992 1340 2042 me-

218 2082 330 2155 menti
357 2105 469 2178 quum
493 2079 629 2177 duplici
646 2083 890 2178 impensarum
909 2083 1028 2178 generi
1054 2082 1337 2157 subveniendum

219 2205 322 2288 esset,
349 2221 478 2294 nempe
494 2205 533 2270 ut
554 2205 743 2294 apparatus
766 2221 891 2272 omnes
907 2198 952 2272 ad
975 2222 1050 2272 rem
1070 2200 1248 2274 scenicam
1276 2224 1337 2274 ne-

219 2315 374 2402 cessarii,
397 2315 556 2404 vestitus
578 2324 788 2388 ornamenta
814 2321 850 2387 et
869 2320 984 2389 cetera
1004 2315 1170 2389 utensilia
1195 2338 1275 2413 quae
1299 2317 1337 2388 iu

218 2430 321 2503 titulo
332 2431 488 2527 quedam
502 2438 733 2505 recensentur
746 2429 797 2529 (5)
810 2430 998 2527 diligenter
1009 2439 1056 2522 et,
1068 2438 1245 2535 quantum
1258 2432 1336 2506 fieri

218 2552 348 2640 posset,
380 2546 565 2642 splendide
597 2546 860 2642 praeberentur,
886 2545 1018 2620 deinde
1050 2556 1089 2620 ut
1118 2550 1271 2645 pecunia
1291 2551 1337 2623 ad

217 2663 365 2757 praemia
393 2661 571 2735 artificum
601 2670 634 2735 et
660 2663 704 2736 ad
726 2685 824 2736 sacra
847 2685 927 2759 quae
957 2685 1040 2735 cum
1074 2663 1169 2737 ludis
1198 2687 1339 2762 semper

218 2777 516 2867 instaurabantur,
531 2786 661 2874 praesto
674 2785 781 2867 esset3
799 2779 836 2851 id
856 2785 909 2851 est
925 2783 1055 2877 χορηγία
1071 2787 1106 2853 et
1124 2778 1247 2858 δαπάνη
1267 2781 1279 2878 (
1306 2779 1333 2879 ).

224 2957 225 2961 ,
266 2898 353 2991 Quae
376 2895 498 2968 omnia
527 2893 894 2990 sumptibus'cellegii
918 2893 1015 2983 fieri,
1048 2894 1092 2968 ab
1124 2896 1338 2992 agonotheta

217 3020 356 3085 tantum
370 3011 609 3084 administrari
629 3008 729 3084 valde
749 3008 934 3106 probabile
951 3017 1019 3097 est3
1040 3010 1077 3081 in
1099 3033 1171 3106 quo
1186 3035 1232 3083 ne
1248 3010 1335 3107 quid
1453 3067 1455 3071 .

217 3128 328 3200 nimiu
343 3127 428 3199 luxu
444 3133 505 3200 aut
519 3126 739 3223 parcimonia
758 3129 978 3223 peccaretur,
1000 3124 1137 3222 legibus
1153 3127 1335 3223 previsum

218 3243 347 3340 quibus
366 3243 578 3339 agonotheta
596 3242 747 3337 obsequi
760 3241 955 3339 jubebatur
982 3239 1047 3339 (7).
1073 3246 1284 3338 Quanquam
1303 3243 1335 3317 ei

217 3359 317 3431 licuit
332 3365 368 3432 et
382 3361 424 3432 de
441 3383 505 3432 sue
521 3357 650 3432 addere
664 3381 735 3455 quc
754 3358 833 3432 ludi
854 3357 1077 3454 splendidius
1097 3366 1286 3459 agerentur
1300 3365 1336 3432 et

217 3478 310 3574 ipse,
332 3476 519 3551 conciliata
540 3500 604 3573 per
634 3475 921 3550 munificentiam
938 3475 1116 3548 artificum
1132 3476 1263 3571 gratia,
1290 3473 1334 3548 ad

218 3595 303 3668 alias
320 3594 507 3690 dignitates
531 3594 623 3667 viam
646 3593 714 3667 sibi
738 3592 896 3665 muniret
914 3597 975 3664 aut
1001 3588 1243 3664 laudationem
1266 3590 1335 3666 ho-

218 3732 393 3807 noresque
412 3715 609 3783 mereretur
623 3707 689 3807 (8).

257 3991 297 4070 (t)
321 3990 436 4069 Corpus
447 3989 534 4048 inser.
548 4007 609 4067 pte,
621 3985 796 4066 wad-(2)
811 3984 1024 4064 Corpusinscr.
1037 4001 1098 4063 pn,
1110 3985 1188 4046 3068
1198 3984 1233 4059 Β,
1244 3982 1265 4045 l.
1282 3988 1331 4046 22.

255 4084 297 4165 (3)
323 4085 439 4163 Corpus
452 4082 541 4142 inser.
558 4101 618 4161 pn,
635 4081 725 4155 3067,
741 4077 763 4139 l.
782 4081 820 4140 26
836 4078 902 4141 etl.
917 4080 948 4140 8.

256 4179 299 4260 (l)
322 4176 435 4257 Corpus
449 4176 537 4236 inser.
552 4194 614 4255 gr„
630 4175 720 4247 3067,
736 4172 758 4234 l.
773 4178 812 4247 'l;
828 4173 907 4233 3068
919 4175 954 4243 B,
969 4172 1053 4234 bill.

257 4274 300 4353 (5)
322 4270 440 4349 Corpus
453 4270 547 4330 inser,
558 4288 620 4349 gr„
637 4269 727 4329 aare.

256 4365 299 4447 (6)
318 4364 430 4445 Corpus
444 4364 532 4424 inser.
546 4382 607 4443 gr„
621 4363 712 4436 3067,
727 4360 749 4422 l.
766 4362 854 4424 a-m.

260 4460 302 4540 tl)
325 4457 440 4538 Corpus
454 4457 544 4517 inser.
560 4454 625 4536 giu,
640 4457 730 4518 3068.

258 4551 301 4634 (8)
323 4551 435 4633 Corpus
448 4552 537 4612 inser.
550 4569 612 4630 gr„
625 4550 648 4612 l.
663 4551 756 4625 e103
776 4550 854 4627 3068
869 4551 904 4626 Β,
919 4550 941 4610 l.
959 4552 1006 4610 la.
