3120 5302
301 1025 520 1098 Privilegta
541 1031 593 1085 ola
613 1029 966 1099 Amphtetionthus
986 1033 1026 1084 et
1046 1029 1276 1086 civitatibus

607 1129 784 1199 collegiis
804 1128 975 1184 dareta.

216 1385 221 1394 x
274 1343 359 1412 Haeo
379 1338 529 1437 collegia
554 1363 596 1414 ex
613 1340 820 1414 hominibus
846 1342 1010 1437 ingenuis
1028 1344 1225 1417 constantia
1253 1346 1340 1418 etin

228 1452 380 1528 formam
394 1457 544 1529 civitatis
557 1442 794 1554 congregatis,
809 1460 966 1532 numinis
976 1482 1050 1531 non
1062 1458 1178 1532 solum
1195 1461 1341 1556 antiquo

227 1573 424 1668 patrocinio
439 1572 501 1645 sed
516 1575 776 1648 recentioribus
794 1599 938 1672 quoque
954 1574 1107 1649 oraculis
1122 1584 1339 1665 consecrata,

227 1690 366 1784 pietate,
395 1691 565 1786 quamnin
592 1694 788 1765 exercendo
809 1693 885 1788 ipso
905 1692 1055 1766 artificio
1076 1699 1149 1765 tum
1178 1694 1215 1766 in
1241 1718 1343 1791 pera-

227 1804 349 1900 gendis
368 1806 518 1879 deorum
538 1809 644 1880 sacris
666 1809 838 1904 insignia,
866 1808 1071 1882 Graecorum
1092 1809 1248 1883 favorem
1274 1810 1341 1885 sihi

226 1921 433 1995 conciliasse
460 1946 690 2020 nequaquam
713 1926 845 2021 mirum
868 1932 933 2001 est.
961 1925 1122 1998 Artifices
1140 1926 1248 2022 igitur
1267 1951 1338 2002 non

225 2036 332 2112 modo
348 2061 420 2111 non
435 2039 574 2113 minore
584 2042 666 2136 jure
680 2063 789 2137 quarn
802 2048 950 2132 ceteros
971 2043 1031 2116 sed
1050 2043 1157 2115 etiam
1170 2043 1340 2139 praeclara

225 2155 379 2250 quadam
394 2156 599 2231 conditione
616 2157 723 2230 fuisse
747 2159 875 2254 etipsa
897 2181 1018 2232 rerum
1045 2160 1133 2233 ratio
1156 2159 1288 2234 indicat
1305 2169 1340 2235 et

221 2273 294 2367 jain
311 2272 447 2368 aliquot
459 2274 494 2345 in
509 2272 640 2346 tabulis
655 2275 823 2370 inscripta
836 2276 1049 2349 documenta
1062 2275 1336 2351 confirmabant.

226 2392 311 2461 Rem
331 2411 413 2462 vero
435 2389 548 2463 multo
570 2388 801 2464 illustriorem
822 2390 939 2463 effecit
962 2392 1097 2487 insigne
1119 2415 1276 2467 marmor
1301 2395 1337 2466 in

224 2505 307 2600 ipsis
328 2506 456 2578 theatri
477 2507 675 2600 Dionysiaci
692 2505 894 2593 ruderibus,
913 2530 1007 2580 anno
1027 2514 1133 2598 1866,
1154 2509 1332 2585 effossum.

225 2623 314 2693 Huic
333 2622 445 2695 incisa
464 2628 547 2694 sunt
571 2620 657 2695 hina
676 2624 969 2719 Arnphictionum
996 2625 1158 2712 decreta,
1181 2650 1335 2723 quorum

224 2737 427 2834 exemplum
447 2740 489 2811 ad
511 2738 686 2835 populum
707 2740 960 2812 Atheniensem
979 2740 1129 2812 missum
1149 2749 1183 2813 et
1205 2743 1242 2815 iu
1263 2745 1336 2816 llle-

223 2865 319 2941 tr00‚
338 2854 399 2927 uhi
420 2856 552 2950 deponi
572 2854 732 2928 solebant
750 2855 902 2950 publicae
927 2855 1070 2945 litterae,
1097 2866 1333 2947 asservatum,

223 2971 374 3043 artifices
401 2973 569 3045 marmori
606 2969 838 3044 incidendum
872 2979 1084 3044 curaverunt
1117 2979 1151 3045 et
1181 2975 1219 3046 in
1258 2977 1335 3071 ipso

224 3089 358 3162 theatro
384 3111 613 3185 proposuere.
648 3091 767 3160 Unum
787 3088 889 3159 annis
914 3088 1054 3160 circiter
1079 3094 1242 3164 arn-189
1273 3102 1335 3166 aut

223 3207 339 3300 potius
366 3210 537 3292 ara-tao,
570 3227 640 3300 quo
668 3211 827 3298 ternpore
856 3203 963 3276 AEtoli
986 3205 1023 3276 in
1051 3206 1336 3301 Amphictionico
1420 3281 1422 3287 .

222 3322 371 3394 consilio
381 3328 618 3418 praepotentes
629 3319 710 3392 lacti
721 3327 816 3409 suut,
830 3319 1083 3416 assignandum
1097 3329 1165 3410 est;
1181 3323 1332 3397 alterurn

221 3439 322 3510 annis
344 3443 503 3511 tao-172
526 3435 768 3522 tribuendum,
791 3441 978 3532 postquam
993 3437 1103 3509 victor
1123 3436 1167 3508 Μ’
1185 3439 1331 3530 Acilius,

221 3554 336 3628 lraotis
350 3553 548 3627 AEtolorum
567 3552 711 3643 viribus,
728 3552 913 3649 antiquam
931 3551 1084 3626 formam
1100 3553 1239 3627 consilii
1258 3578 1334 3627 res-

219 3672 326 3743 tituit.
346 3672 430 3744 llaec
445 3670 672 3744 decretorum
687 3676 859 3766 tempora,
883 3671 988 3743 certis
1010 3671 1227 3766 argumentis
1248 3695 1334 3747 oon-

221 3789 352 3860 firmari
375 3793 537 3883 possunt,
559 3787 633 3873 sed,
668 3787 837 3882 quoniam
859 3786 1000 3883 longius
1027 3809 1083 3857 res
1111 3786 1201 3860 soret
1235 3812 1334 3885 repe·

220 3903 336 3992 tenda,
372 3926 451 3977 earn
482 3902 761 3999 disputationem·
784 3928 821 3975 ru
854 3925 1009 3998 praesens
1032 3903 1150 3993 omisi,
1169 3903 1267 3978 ‘alias
1291 3906 1335 3978 de

219 4024 355 4118 integro
374 4025 544 4116 repetam.
565 4023 667 4090 Nunc
693 4026 898 4115 utrumqne,
924 4019 1105 4115 praeterito
1131 4019 1335 4095 hieromne-

202 4130 203 4133 '
219 4162 369 4212 monum
381 4135 736 4221 commemoratione,
759 4137 909 4231 apposui
927 4136 989 4230 (l).

262 4329 302 4411 (l)
324 4327 464 4389 'litulum
477 4324 598 4404 primus
619 4321 717 4382 edidit
730 4322 965 4383 Koumanoudis
980 4324 1013 4382 in
1027 4324 1228 4402 ephemeride
1241 4325 1336 4386 Athe-

217 4424 330 4498 niensi,
348 4419 509 4512 Xpueplllc,
528 4421 564 4480 l5
576 4419 663 4497 jann.
679 4418 766 4477 1866.
784 4415 898 4476 Gallice
912 4418 1071 4478 transtulit
1083 4420 1188 4498 Egger
1208 4424 1239 4478 et
1257 4419 1335 4479 inse·

218 4520 282 4580 ruit
296 4517 398 4577 lihro:
413 4512 529 4589 Etudes
549 4511 723 4590 historiques
742 4529 792 4568 sur
812 4509 851 4569 les
868 4511 967 4571 trudis
981 4511 1106 4591 poblite,
1123 4531 1152 4590 p.
1168 4513 1225 4574 287
1241 4518 1273 4573 et
1287 4531 1334 4590 sq.
