3120 5302
706 537 865 599 -15-

221 699 300 749 rum
323 674 479 747 instituto
495 679 798 760 commemorant3
829 693 984 768 quorum
1007 693 1082 743 non
1102 667 1221 747 minor
1239 669 1341 745 viset

221 791 412 866 auctoritas
422 814 531 887 quarn
551 790 670 887 legurn
686 785 877 887 ipsarum(
905 785 932 885 ).

270 913 321 982 Do
336 906 461 981 ceteris
475 905 637 1005 singulis,
662 929 743 1002 quae
760 928 835 978 non
852 902 990 1000 legibus
1003 903 1142 1001 provisa
1158 911 1219 979 aut
1233 905 1342 979 insti-

220 1025 306 1099 tutis
328 1023 504 1120 majorum
520 1020 676 1120 stabilita
694 1029 807 1110 erant,
833 1019 878 1093 ad
898 1026 1054 1117 tempus,
1071 1026 1111 1092 ut
1130 1019 1266 1094 serebat
1281 1045 1342 1096 ne-

220 1141 375 1230 cessitas,
411 1162 474 1237 per
509 1140 648 1213 decreta
679 1135 952 1226 consulebatur,
979 1159 1135 1232 quorum
1165 1138 1342 1213 nonnulla

219 1256 399 1355 lapidibus
408 1255 521 1328 incisa
539 1277 653 1352 usque
669 1244 712 1327 ad
726 1261 884 1328 nostram
899 1259 1041 1326 aetatem
1052 1262 1337 1351 permanserunt.

269 1373 456 1446 Artiticum
481 1395 564 1445 vero
591 1371 768 1445 civitatem
791 1369 1003 1467 popularem
1030 1368 1149 1443 dicere
1177 1370 1274 1462 licet,
1302 1372 1340 1444 in

221 1513 291 1589 qua
307 1513 415 1586 penes
435 1488 610 1586 populum
633 1494 734 1562 erant
757 1488 890 1562 omnia.
916 1487 985 1573 Qui
1004 1485 1169 1584 equibus
1183 1488 1342 1562 homini-

220 1605 286 1680 bus
305 1604 478 1680 contlatus
491 1604 599 1678 fuerit
613 1606 696 1677 satis
716 1603 845 1689 docent
861 1602 970 1676 tituli.
995 1604 1198 1682 Occurrunt
1212 1627 1341 1702 nempe

220 1728 333 1821 poetae
359 1721 446 1794 varii
464 1720 617 1818 generis,
639 1720 767 1793 musici
787 1720 950 1793 omnium
974 1719 1123 1808 artium,
1146 1718 1340 1817 dequibus

220 1838 256 1910 in
273 1836 369 1912 ludis
382 1835 607 1912 recensendis
623 1837 753 1911 melius
769 1834 1009 1932 disputabitur
1024 1833 1117 1933 (vide
1137 1860 1172 1932 p.
1193 1835 1267 1933 66),
1286 1860 1341 1911 ac·

220 1961 327 2044 tores,
350 1954 545 2043 saltatores,
567 1954 724 2050 magistri
753 1952 922 2026 docendis
951 1953 1081 2040 choris,
1103 1958 1210 2050 atque
1232 1955 1339 2028 etiam

153 2066 156 2075 ’
219 2071 367 2142 restium
389 2068 577 2143 locatores.
606 2073 739 2143 Pueros
760 2092 905 2167 quoquo
934 2069 996 2165 qui
1028 2071 1066 2140 in
1091 2070 1210 2142 choris
1234 2069 1340 2144 salta-

219 2180 302 2259 bant
320 2186 357 2258 in
373 2185 522 2284 collegio
541 2186 710 2260 educatos
732 2186 842 2259 fuisse
865 2209 884 2259 e
906 2184 1086 2280 Delphicis
1101 2185 1231 2260 tabulis
1250 2187 1339 2261 vidi-

220 2320 299 2374 mus
320 2299 413 2398 (vide
429 2327 465 2399 p.
495 2289 549 2392 13,
570 2327 606 2375 n.
630 2300 685 2400 1);
712 2324 800 2399 quos
820 2302 927 2375 etiam
948 2299 1105 2398 aliquam
1124 2310 1262 2399 partem
1287 2304 1338 2377 rei

219 2416 374 2512 publicae
395 2419 551 2512 attigisse
565 2418 784 2492 demonstrat
803 2417 929 2490 titulus
944 2418 1091 2514 Argivus
1115 2418 1152 2490 in
1173 2442 1245 2515 quo
1259 2416 1339 2493 lau·

220 2528 324 2607 datur
341 2535 527 2632 quusdam
547 2536 687 2629 insigne
703 2534 863 2609 studium
876 2535 950 2631 jam
966 2557 987 2606 a
1007 2535 1159 2631 pueritia
1175 2559 1257 2634 erga
1282 2561 1337 2611 so-

220 2643 401 2725 dalitatem
417 2650 637 2725 declaratum
658 2650 670 2750 (
697 2649 725 2750 ).

267 2767 428 2843 Hilarodi
458 2779 592 2856 contra,
615 2769 731 2861 mimi,
761 2775 796 2844 et
826 2771 934 2844 ceteri
968 2770 1004 2843 id
1035 2793 1159 2867 genua,
1183 2793 1337 2868 quorum

219 2885 313 2985 apud
331 2886 472 2958 Graecos
491 2908 634 2982 quoque
649 2885 750 2981 copia
768 2885 837 2957 fuit
851 2882 903 2982 (3)
924 2886 962 2958 in
982 2885 1082 2959 nullo
1104 2885 1253 2982 collegio
1275 2912 1338 2960 re-

218 3004 416 3099 periuntur,
450 3009 633 3077 eteorum
662 3001 854 3074 artificium
885 3023 1024 3097 semper
1047 3001 1279 3076 inhonestum
1303 3013 1337 3079 ct

218 3118 392 3193 illiberale
411 3117 576 3192 habitum
599 3125 661 3192 est.
691 3121 786 3190 luter
810 3123 981 3213 utrosque
1007 3122 1147 3190 tantum
1171 3119 1239 3192 fuit
1259 3119 1337 3194 dis-

219 3239 353 3310 crimen
373 3242 413 3308 ui
435 3235 624 3331 Callippidi
639 3232 797 3330 tragoedo
812 3239 887 3307 arto
909 3233 1130 3331 superbienti
1152 3244 1187 3311 et
1209 3239 1335 3313 mirato

219 3353 315 3450 quod
328 3375 402 3424 non
417 3352 535 3424 statim
555 3350 677 3425 oculos
699 3349 852 3447 Agesilai
874 3351 911 3423 in
934 3375 970 3424 se
989 3359 1209 3427 converteret
1232 3356 1337 3430 inter*

219 3468 426 3570 rogantique
453 3491 550 3541 «non
581 3468 742 3565 agnoscis
762 3492 831 3556 me,
860 3491 882 3542 o
905 3465 1033 3560 rexi»,
1056 3471 1147 3544 nihil
1166 3453 1337 3545 ¹acerbius

219 3605 325 3679 quam
340 3582 431 3656 illud
449 3584 826 3681 responderepotuerit
840 3603 857 3649 <t
870 3602 991 3657 noune
1011 3584 1226 3681 Callippidas
1245 3593 1282 3660 tu
1299 3611 1336 3662 es

219 3699 414 3772 diccltstatu
441 3699 498 3773 Sic
517 3705 635 3774 autem
654 3697 903 3774 Lacedemonii
931 3701 1052 3773 mimos
1073 3699 1279 3801 vocabant(
1305 3703 1331 3801 ).

218 3815 283 3890 Vix
296 3821 348 3890 est
371 3817 467 3911 quod
482 3834 648 3890 moneam
668 3816 878 3891 mulieribus
902 3815 1045 3889 nullum
1060 3817 1180 3890 locum
1206 3818 1244 3889 in
1258 3842 1334 3892 sce-

218 3929 306 4003 nicis
325 3927 483 4026 collegiis
497 3929 619 4022 luisse,
641 3953 754 4027 quum
774 3954 829 4005 res
850 3929 987 4005 ludicra
1001 3955 1065 4028 per
1080 3931 1173 4005 riros
1194 3937 1332 4006 tautum

256 4158 297 4241 (1)
324 4158 439 4239 Corpus
448 4160 535 4222 ioscr.
546 4181 606 4242 gra,
617 4163 706 4237 3067,
718 4158 740 4220 l.
752 4159 850 4252 113.)-
859 4160 1004 4236 doceat,
1021 4161 1099 4222 titula
1112 4159 1237 4240 laudnt,
1248 4161 1271 4225 l.
1284 4167 1332 4228 31.

217 4256 317 4315 -·-Fr.
332 4257 537 4328 Lenormant‚
556 4253 767 4316 Itecbcrcdcsd
784 4254 912 4326 Eleusis,
929 4259 978 4331 16,
996 4254 1019 4315 l.
1038 4257 1150 4333 11,18,
1166 4260 1282 4335 11101

257 4347 300 4429 (1)
322 4351 469 4427 Foucart,
486 4350 584 4410 Rcoue
598 4347 735 4423 orcbc'ol.,·
753 4352 841 4425 1870,
858 4351 936 4428 cti,
953 4370 984 4429 p.
1002 4353 1070 4423 101,
1086 4350 1107 4412 l.
1125 4355 1153 4413 6.

257 4443 300 4522 (3)
322 4442 501 4515 Athenaeus,
519 4444 598 4518 XlV,
614 4461 646 4521 p.
663 4446 734 4505 611.

259 4539 298 4616 (1)
320 4537 493 4614 Plutarch„
512 4536 656 4616 Agesilao,
674 4541 724 4600 213
