3120 5302
775 535 932 593 ..90-

297 661 396 758 qnasi
425 668 604 737 certamen
633 666 793 740 ederent.
816 667 1009 763 Postquam
1036 664 1134 737 brevi
1161 666 1416 742 intellexerunt

297 777 382 875 quid
400 779 503 853 vellet
516 781 675 869 Anicius,
695 786 962 859 convenientem
975 781 1128 857 lasciviae
1144 806 1217 856 suae
1232 783 1415 858 licentiam

296 897 519 992 arripientes,
553 899 673 970 omnia
696 901 996 996 permiscuerunt.
1016 898 1151 974 Medios
1170 901 1266 973 enim
1286 901 1416 975 choros

297 1014 465 1087 adversus
480 1021 654 1087 extremos
672 1024 929 1105 convertentes,
948 1016 1111 1091 tibicines
1124 1016 1270 1113 quidem
1288 1019 1416 1092 insana

298 1131 463 1228 quadam
483 1153 524 1203 ac
543 1132 761 1206 dissonantia
779 1142 963 1223 canentes,
994 1134 1031 1205 in
1056 1157 1092 1206 se
1115 1134 1268 1206 vicissim
1287 1142 1415 1207 mutuo

298 1241 433 1343 impetu
449 1247 670 1339 serebantur;
698 1250 806 1324 simul
829 1275 911 1324 vero
931 1256 1190 1347 perstrepentes
1208 1251 1309 1325 chori
1323 1257 1359 1326 et
1378 1252 1416 1323 in

299 1387 440 1439 scenam
470 1368 701 1440 ascendentes
733 1369 771 1440 in
806 1368 970 1443 adversos
1006 1367 1189 1442 irruebant
1223 1391 1263 1440 ao
1293 1392 1420 1442 rursus

300 1485 400 1580 quasi
424 1491 519 1581 terga
537 1483 661 1560 dantes
681 1485 910 1560 recedebant.
934 1487 1004 1559 Sed
1019 1485 1081 1559 nbi
1101 1485 1230 1582 aliquis
1250 1509 1269 1558 e
1290 1487 1418 1574 choro,

299 1601 490 1697 praecincta
509 1607 615 1691 veste,
642 1625 716 1675 sese
743 1602 931 1677 obvertens
959 1604 997 1675 in
1023 1601 1207 1676 tibicinem
1231 1600 1420 1676 adversum

299 1741 427 1797 manus
446 1718 600 1807 sustulit,
618 1726 788 1816 tanquam
801 1721 960 1818 pugilatu
977 1721 1224 1810 dimicaturus
1244 1725 1323 1792 tum
1338 1743 1420 1794 vero

299 1836 467 1909 immanis
495 1835 642 1932 plausus
671 1835 877 1932 clamorque
901 1837 1138 1931 spectantium
1163 1837 1334 1910 excitatus
1354 1843 1420 1908 est.

299 1952 464 2027 lllisvero
480 1955 624 2026 intense
641 1952 759 2027 adhuc
773 1953 1038 2041 dimicantibus,
1059 1954 1096 2025 in
1115 1953 1332 2027 orchestram
1348 1954 1421 2026 duo

299 2070 482 2144 saltatores
509 2094 710 2166 processere
741 2095 823 2144 curn
852 2071 1097 2170 symphonia:
1132 2070 1239 2143 simul
1264 2075 1422 2167 quatuor

300 2188 438 2284 pugiles
461 2211 545 2260 cum
576 2187 796 2261 tubicinibus
823 2195 857 2262 et
878 2186 1172 2261 buccinatoribus
1204 2189 1241 2260 in
1275 2210 1422 2260 scenam

300 2307 600 2379 conscenderunt.
618 2307 686 2391 Qui
706 2329 818 2401 quum
841 2303 949 2377 simul
977 2327 1101 2378 omnes
1121 2304 1215 2399 inter
1242 2327 1280 2376 se
1300 2309 1424 2377 certa-

300 2430 390 2509 rent,
412 2423 481 2494 dici
498 2445 569 2494 non
587 2429 702 2517 potest
716 2423 813 2516 quod
829 2421 964 2494 lactum
984 2429 1049 2494 est.
1079 2425 1128 2494 De
1144 2421 1309 2517 tragoedis
1336 2443 1423 2493 vero

299 2540 328 2612 si
358 2538 474 2612 dicere
504 2539 702 2634 aggrediar,
728 2561 849 2611 vereor
875 2561 919 2612 ne
950 2537 1166 2634 quibusdam
1198 2538 1320 2610 videar
1355 2536 1421 2633 jo-

299 2655 370 2727 cali
391 2649 457 2748 (l).
480 2681 496 2719 n
845 2668 847 2673 ⁴

349 2773 394 2844 Ut
409 2794 429 2844 a
447 2769 577 2842 Graecis
600 2768 799 2841 civitatibus
822 2767 864 2841 ad
888 2767 1125 2841 Macedonum
1149 2791 1260 2863 reges,
1281 2767 1425 2842 arietis

299 2888 441 2986 regibus
470 2887 514 2961 ad
543 2893 736 2977 Romanos,
768 2886 816 2958 ita
845 2909 864 2958 a
893 2886 1060 2959 Romanis
1092 2885 1222 2958 scenici
1246 2883 1353 2957 Attici
1376 2886 1420 2958 ad

299 3006 540 3079 Mithridatem
560 3026 635 3078 sese
650 3007 917 3091 converterunt,
934 3000 1200 3098 promptissima
1227 3001 1340 3075 ineos
1359 3001 1423 3097 qui

300 3124 501 3221 superaturi
520 3120 732 3195 videbantur
748 3118 966 3191 adulatione.
990 3122 1109 3204 Quum
1127 3118 1224 3190 enirn
1248 3116 1420 3204 Athenio,

300 3242 344 3314 ad
368 3262 485 3336 regem
510 3238 659 3333 legatus,
681 3259 842 3308 reversus
869 3242 933 3323 est,
963 3235 1050 3307 «illi
1076 3233 1215 3308 obviam
1240 3256 1423 3329 processe-

300 3365 384 3430 runt
413 3364 447 3431 et
466 3354 596 3428 scenici
617 3353 782 3441 artifices,
814 3354 961 3425 missum
991 3375 1011 3424 a
1040 3375 1130 3425 novo
1164 3351 1302 3424 Baccho
1330 3352 1424 3425 invi-

301 3481 415 3548 tantes
433 3471 477 3546 ad
497 3493 726 3544 communem
744 3492 841 3542 aram
861 3477 895 3542 et
910 3469 1098 3543 libationes
1116 3476 1149 3542 et
1172 3474 1251 3542 vota
1274 3490 1355 3564 quae
1375 3469 1422 3542 ad

302 3615 379 3666 eam
399 3591 476 3662 heri
493 3587 681 3662 solent.....
700 3591 738 3658 In
755 3585 890 3681 templo
906 3607 988 3659 vero
1008 3585 1185 3658 artificum
1200 3607 1298 3658 sacra
1317 3608 1420 3680 pera-

302 3707 490 3805 gebantur,
520 3707 596 3801 ipso
620 3711 808 3800 praesente,
831 3709 866 3774 et
884 3703 1059 3798 praeconis
1085 3725 1170 3774 voce
1191 3699 1423 3797 proclamatae

302 3823 490 3897 libationes
507 3821 569 3920 (2).
593 3853 607 3889 n
640 3819 742 3906 Quod
763 3819 923 3892 studium
943 3819 1092 3891 scenicis
1117 3816 1271 3890 maxime
1296 3817 1424 3912 perni-

304 3943 439 4013 ciosum
455 3939 562 4012 evasit
580 3938 746 4011 adversus
768 3935 913 4032 Syllam,
936 3935 1154 4032 injuriarum
1178 3934 1328 4006 minime
1348 3934 1426 4005 im-

305 4080 500 4131 memorem
521 4061 556 4127 et
572 4057 609 4128 in
625 4054 805 4149 exigendis
820 4052 934 4148 poenis
948 4052 1119 4123 victorem
1135 4048 1421 4145 acerbissimum.

303 4174 491 4270 Templum
522 4194 650 4268 nempe
679 4170 723 4243 ab
752 4167 949 4243 artificibus
968 4166 1135 4240 Eleusine
1162 4165 1378 4238 aedificatum
1403 4187 1424 4237 a

346 4461 386 4543 (l)
407 4458 567 4538 PolybiuS,
584 4457 679 4531 XXX,
696 4457 745 4517 13.

342 4555 386 4636 (2)
408 4553 588 4627 Athenaeus,
604 4551 641 4625 V,
655 4568 686 4628 p.
702 4553 770 4611 212.
