3120 5302
696 543 857 605 ..25-

220 677 428 751 bricandam
452 696 621 749 coronam
642 675 680 747 in
701 676 876 749 honorem
898 673 1050 747 Zenonis
1067 678 1103 744 et
1120 670 1283 745 eamdem
1299 672 1336 744 in

218 795 384 890 gymnico
411 792 606 865 certamine
631 795 848 865 Nemeorum
870 814 934 886 per
953 811 1154 886 praeconem
1176 811 1338 884 pronun-

218 911 378 984 tiandam
393 932 518 982 curare
537 907 660 982 debuit
679 911 741 1002 (t).
765 906 866 980 Alius
885 906 990 980 etiam
1009 908 1174 986 ἐπιστάτης
1188 905 1234 978 ad
1248 913 1336 978 tem-

219 1050 286 1124 pus
301 1031 439 1099 creatus
460 1024 540 1112 snit,
565 1024 666 1122 cujus
686 1022 722 1096 id
742 1046 856 1096 unum
875 1045 1008 1094 munus
1024 1037 1100 1094 erat
1120 1026 1170 1109 ut,
1196 1026 1339 1117 accepta

218 1166 239 1215 a
257 1146 434 1238 quaestore
454 1141 619 1236 pecunia,
639 1136 846 1234 fingendam
860 1158 998 1210 aeneam
1013 1137 1166 1209 Zenonis
1180 1135 1335 1232 effigiem
1451 1198 1453 1201 ,

218 1266 254 1332 et
270 1255 539 1332 inscribendum
558 1257 727 1329 marmori
750 1252 888 1350 collegii
910 1251 1091 1325 decretum
1112 1259 1251 1326 curaret
1268 1250 1333 1351 (Z).

219 1377 282 1448 His
308 1376 405 1448 enim
433 1373 592 1469 collegiis
619 1371 718 1445 cordi
751 1393 890 1466 semper
915 1369 982 1442 suit
1009 1375 1061 1458 ut,
1090 1367 1336 1465 multiplicatis

219 1489 493 1588 magistratibus,
511 1489 630 1562 minor
644 1494 734 1561 esset
751 1487 975 1583 singulorum
991 1491 1157 1582 potestas,
1180 1508 1336 1574 necnon,

218 1606 382 1705 pluribus
405 1605 580 1704 patefacto
597 1603 812 1701 dignitatum
838 1604 949 1691 aditu,
977 1601 1191 1676 industriam
1216 1601 1337 1676 bomi-

219 1748 307 1798 num
326 1725 518 1798 excitarent
539 1729 573 1794 et
595 1720 770 1793 beneficia
785 1719 967 1793 elicerent.
1076 1738 1080 1740 ’

268 1841 373 1914 Haud
393 1839 522 1936 ingrati
543 1837 695 1912 artifices
710 1859 792 1933 erga
807 1859 867 1909 eos
881 1859 1037 1933 quorum
1057 1835 1174 1910 studio
1195 1837 1233 1909 in
1253 1836 1338 1909 fun·

218 1955 341 2054 gendis
354 1953 615 2051 magistratibus
626 1959 739 2026 auctae
758 1976 813 2025 res
828 1949 981 2046 collegii,
1003 1958 1063 2025 ant
1083 1975 1236 2048 quorum
1250 1950 1337 2026 libe·

219 2073 357 2146 ralitate
377 2069 603 2166 amplificatae
629 2092 714 2165 opes
735 2074 770 2141 et
789 2067 943 2141 levatum
965 2092 1056 2141 onus
1080 2070 1334 2165 impensarum.

219 2187 531 2275 Quemadmodum
559 2187 717 2260 civitates
746 2207 870 2281 graecae
896 2183 1045 2258 decretis
1076 2185 1338 2261 benemeritos

218 2305 384 2378 homines
411 2302 582 2376 laudibus
605 2307 644 2375 et
658 2300 857 2375 honoribus
880 2324 1009 2398 augere
1032 2300 1145 2375 solitae
1167 2309 1264 2393 sunt,
1288 2303 1337 2378 sic

221 2443 364 2516 quoque
380 2420 603 2492 scenicorum
617 2417 786 2514 populus,
804 2417 842 2488 in
855 2418 1028 2491 concione
1039 2416 1163 2491 laudes
1177 2426 1211 2492 et
1226 2419 1339 2492 hono-

221 2559 276 2608 res
298 2535 419 2631 largiri
443 2556 631 2630 nunquam
654 2533 785 2606 omisit.
812 2533 976 2620 Decreto,
999 2539 1188 2629 postquam
1209 2535 1338 2608 diserte

220 2657 458 2724 memoratum
482 2647 656 2745 quidquid
675 2671 854 2745 prospere,
873 2647 1049 2744 quidquid
1070 2651 1139 2744 pie,
1164 2649 1338 2746 quidquid

220 2764 415 2839 liberaliter
435 2773 576 2861 gestum
599 2765 727 2850 suerat,
756 2763 961 2837 tribuebant
990 2765 1178 2839 honores:
1209 2766 1336 2840 lauda-

223 2881 370 2968 tionem,
393 2903 574 2968 coronam,
596 2902 754 2953 annuam
777 2879 1094 2974 proclamationem
1110 2881 1147 2951 in
1164 2879 1258 2952 ludis
1274 2905 1337 2977 per

222 3019 437 3092 praeconem,
459 2995 592 3092 effigies
608 2997 721 3092 pictas
735 3000 795 3066 aut
812 3016 1028 3066 marmoreas
1039 3002 1101 3066 aut
1115 3018 1244 3083 aeneas,
1262 2999 1338 3092 qui·

222 3110 287 3184 bus
303 3111 527 3184 incidebatur
545 3112 601 3184 vel
623 3111 741 3206 ipsum
763 3108 903 3206 collegii
924 3109 1106 3184 decretum
1128 3111 1182 3185 vel
1199 3112 1337 3186 brevior

104 3216 106 3220 '
220 3227 365 3300 honoris
398 3228 530 3300 mentio
549 3225 615 3324 (3).
643 3225 831 3312 Additum,
859 3225 1073 3323 plerumque
1097 3226 1235 3324 prolixa
1257 3252 1336 3304 ora-

220 3344 329 3433 tione,
351 3341 481 3439 quibns
498 3340 732 3438 temporibus,
756 3341 886 3437 quibus
905 3343 1005 3432 locis,
1025 3368 1086 3440 per
1100 3368 1189 3441 quos
1207 3348 1337 3442 magis-

221 3465 332 3533 tratus
351 3459 668 3555 pronuntiarentur
687 3457 855 3547 bonoreS,
875 3458 1005 3555 quibus
1016 3461 1054 3532 in
1069 3461 1210 3557 templis
1224 3464 1338 3559 erige-

221 3582 345 3648 rentur
365 3582 504 3662 statuae,
526 3597 639 3671 quum
659 3574 796 3670 aliquid
817 3598 954 3672 semper
975 3578 1054 3648 novi
1080 3579 1337 3673 excogitaretur

222 3713 292 3786 qno
322 3690 541 3786 splendidior
565 3689 666 3763 lieret
692 3691 901 3764 meritorum
925 3694 1230 3767 commemoratio.
1265 3698 1337 3767 Nec

220 3806 335 3878 deluit
353 3805 545 3879 verborum
566 3806 826 3902 magnificentia
848 3835 864 3873 o
879 3813 917 3879 ut
932 3807 1088 3903 igituret
1107 3809 1337 3882 manifestum

220 3922 264 3994 sit
280 3920 433 3995 artifices
447 3920 603 3994 tribuere
623 3922 752 4018 gratias
768 3921 891 4018 dignas
910 3922 1006 3996 illius
1020 3905 1202 3998 beneficiis
1215 3926 1336 4000 hono-

220 4060 362 4134 resque,
385 4045 420 4111 et
441 4037 574 4111 multos
596 4036 754 4110 habeant
767 4039 918 4113 Zenonis
934 4039 1086 4114 aemulos
1101 4039 1165 4140 (4).
1184 4071 1199 4110 o

259 4247 301 4328 (t)
322 4250 467 4324 Fouoart,
484 4249 582 4310 Revue
595 4246 738 4325 melcol,
756 4249 845 4327 1870,
861 4254 884 4312 t.
901 4250 939 4323 lI,
955 4267 987 4328 p.
1003 4253 1072 4329 tor,
1089 4251 1112 4312 l.
1129 4254 1229 4316 aeae.

263 4342 304 4422 (2)
323 4341 444 4415 Ibidcrn,
459 4342 481 4403 l.
497 4345 604 4404 38-41.

259 4436 300 4514 (3)
324 4435 437 4515 Corpus
452 4434 540 4495 inser.
556 4454 617 4514 gn,
632 4438 722 4499 3072.
733 4467 774 4482 ·-
784 4436 827 4496 Le
840 4437 910 4512 Bas,
921 4440 992 4514 aot,
1008 4439 1078 4500 505.

260 4529 304 4610 (t)
325 4530 471 4607 Foucart,
487 4530 586 4591 Rcoue
599 4529 743 4606 arerent,
759 4532 847 4606 1870,
864 4537 888 4592 t.
902 4532 940 4607 ll,
957 4549 988 4610 p.
1007 4535 1073 4608 tor,
1089 4532 1108 4592 l.
1124 4534 1225 4596 28³0.
