3120 5302
710 497 868 558 ..50-

230 653 312 702 rum
332 630 556 703 sacerdotum
575 628 675 702 sedes
697 627 789 726 (vide
810 654 844 725 p.
865 632 938 724 97).
965 632 1006 701 ln
1028 629 1176 702 Larissae
1191 627 1344 713 theatro,

229 753 342 820 certos
366 768 500 819 cuneos
527 743 723 818 artificibus
742 753 934 819 reservatos
952 744 1058 818 luisse
1082 742 1265 818 declarant
1285 742 1346 816 lit-

228 870 312 938 terae
325 860 493 959 gradibus
509 861 595 957 ipsis
604 860 753 934 inarata
773 871 836 942 τοῖς
856 863 1011 957 τεχνίταις
1032 859 1098 959 (l).

273 978 440 1053 Privatim
462 1001 605 1074 quoque
618 977 769 1051 artifices
784 979 964 1051 civitatum
980 979 1129 1074 gratiam
1145 976 1213 1050 sibi
1229 977 1346 1050 conci-

226 1096 411 1171 liaverunt.
428 1096 615 1169 Neminem
631 1095 727 1168 enim
752 1093 892 1168 facilius
912 1118 1019 1191 quam
1043 1095 1114 1169 hoc
1130 1117 1244 1191 genus
1261 1095 1346 1168 civi-

224 1218 296 1284 tate
322 1210 471 1308 aliisque
500 1212 658 1308 praemiis
686 1211 880 1284 donarunt.
907 1211 1184 1299 Aristodemum,
1216 1234 1345 1307 genere

224 1328 519 1424 Metapontinum,
533 1327 587 1402 bis
599 1329 635 1399 in
647 1327 787 1400 Lenaeis
798 1327 982 1416 victorem,
996 1325 1129 1399 lactum
1140 1350 1216 1400 esse
1229 1328 1345 1400 Athe·

225 1444 386 1517 niensem
413 1443 546 1517 scimus
570 1453 603 1519 et
626 1443 838 1517 muneribus
857 1442 1011 1539 publicis
1032 1442 1087 1516 vel
1113 1441 1343 1538 amplissimis

224 1562 388 1634 sunctum
408 1560 501 1659 (vide
521 1585 556 1657 p.
576 1567 649 1649 82).
670 1563 860 1633 Cratonem
883 1582 1026 1656 quoque
1045 1558 1339 1646 Chalcedonium,

224 1675 407 1749 tibicinem
426 1676 616 1772 cyclicum,
636 1676 846 1772 Pergameni
867 1677 978 1748 civem
997 1698 1101 1747 suum
1124 1697 1198 1748 esse
1221 1675 1343 1749 volue-

223 1800 320 1866 runt.
341 1791 519 1866 Eumdem
534 1795 651 1866 virum
671 1792 812 1888 ephebi,
831 1799 999 1887 praetores
1013 1797 1048 1866 et
1067 1790 1222 1887 populns
1241 1789 1343 1862 Teio·

225 1932 303 1980 rum
320 1908 434 1981 tribus
449 1910 589 1982 coronis
606 1914 822 1983 ornaverunt
834 1906 899 2005 (Ξ).
913 1908 1010 1980 Alios
1026 1914 1197 2002 praterea
1209 1905 1341 1980 multos

222 2023 260 2095 in
275 2023 353 2096 aliis
366 2025 563 2099 civitatibus
579 2024 788 2121 adscriptos,
811 2032 846 2098 et
862 2023 1039 2119 vulgatam
1058 2023 1164 2096 luisse
1184 2045 1264 2096 eam
1283 2022 1341 2097 fa·

223 2137 393 2213 cilitatem
413 2147 561 2214 testatur
580 2142 715 2230 Cicera,
734 2141 924 2213 artificium
940 2138 1087 2235 quidem
1102 2161 1229 2212 eorum
1244 2145 1339 2213 exte·

99 2276 101 2285 ·
222 2279 338 2329 nuans
355 2265 396 2329 ut
412 2258 555 2330 Archiae
571 2257 711 2331 clientis
725 2259 779 2330 sui
797 2256 1068 2330 aestimationem
1085 2266 1225 2352 augeat.
1250 2284 1267 2323 «
1280 2258 1339 2327 Et·

222 2372 319 2446 euim
337 2397 449 2470 quum
467 2373 707 2471 mediocribus
728 2374 850 2447 multis
872 2382 907 2448 et
929 2380 988 2447 aut
1009 2372 1109 2447 nulla
1129 2380 1191 2449 aut
1209 2372 1339 2447 humili

220 2488 340 2585 aliqua
354 2497 427 2563 arte
442 2488 599 2586 praeditis
611 2493 763 2588 gratuito
776 2492 951 2564 civitatem
970 2490 1008 2562 in
1023 2490 1158 2563 Graecia
1174 2490 1338 2564 homines

219 2605 483 2701 impertiebant,
509 2607 686 2702 Rheginos
705 2609 810 2682 credo
830 2616 892 2682 aut
911 2612 1103 2683 Locrenses
1122 2614 1183 2682 aut
1200 2611 1339 2704 Neapo-

220 2719 348 2794 litanos
359 2729 421 2795 aut
434 2724 655 2813 Tarentinos,
669 2725 762 2822 quod
769 2726 906 2798 scenicis
919 2725 1106 2823 artificibus
1121 2724 1245 2822 largiri
1252 2724 1338 2797 sole-

220 2836 314 2924 bant,
327 2836 364 2909 id
377 2838 462 2913 huic
473 2863 612 2913 summa
626 2841 760 2937 ingenii
777 2840 925 2937 praedito
934 2839 1048 2937 gloria
1059 2839 1217 2914 uoluisse
1229 2838 1295 2938 (3).
1313 2868 1329 2907 »

217 2956 354 3026 Statuas
380 2957 486 3029 etiam
518 2956 715 3030 artificibus
738 2957 882 3053 publice
901 2964 961 3031 aut
981 2957 1019 3030 in
1041 2957 1191 3032 urbibus
1211 2964 1275 3030 aut
1296 2958 1334 3029 in

217 3069 357 3166 templis
383 3072 513 3168 positas
539 3081 822 3148 commemorant
850 3098 964 3172 quum
988 3074 1095 3148 ceteri
1123 3075 1331 3171 scriptores,

217 3191 294 3257 tum
315 3188 468 3261 maxime
486 3189 680 3263 Pausanias
699 3199 732 3264 et
750 3192 955 3264 Athenaeus.
974 3193 1088 3276 Quam
1108 3191 1257 3287 gratiam
1278 3214 1333 3266 ar·

216 3300 351 3374 tificum
373 3305 484 3401 magis
504 3312 611 3401 'atque
631 3309 742 3403 magis
767 3315 982 3382 crescentem
1002 3333 1022 3381 e
1040 3306 1152 3379 titulis
1174 3307 1333 3403 impera-

216 3419 315 3491 toriae
332 3419 444 3493 aetatis
459 3421 579 3494 minus
593 3424 742 3519 cognitis
757 3423 886 3498 melius
901 3421 1144 3497 ostendemus.

254 3702 296 3782 (l)
318 3703 442 3782 Ussing,
458 3701 659 3785 [ascriptiones
674 3703 800 3784 ineditae,
817 3709 866 3769 15.

255 3795 297 3875 (2)
319 3797 437 3874 Cicero,
448 3817 506 3877 pro
519 3798 630 3859 Arabia
641 3810 738 3879 poeto,
755 3803 786 3862 5.

254 3890 294 3969 (3)
315 3891 356 3952 Le
367 3893 427 3952 Bas
442 3898 473 3953 et
487 3893 711 3972 Waddingtom
725 3893 819 3955 lusor.
832 3889 1092 3970 daca-Minoam,
1110 3894 1200 3955 1558.
