3120 5302
696 533 855 593 ..83-

218 660 293 755 ejus
312 659 437 733 fefellit
452 683 563 757 quum
579 661 777 757 legatorum
792 685 905 753 mora,
927 669 1004 734 tum
1019 663 1129 758 ipsius
1144 666 1235 760 regis
1250 664 1331 739 dili·

217 777 346 872 gentia,
364 801 435 873 qua
451 779 549 872 prius
571 777 772 852 Phocenses
791 780 974 875 perierunt
993 801 1101 875 quam
1121 782 1165 854 de
1183 780 1329 855 illorum

218 894 376 990 periculo
395 895 617 968 manifestior
635 895 724 969 fides
744 898 935 971 exsisteret.

267 1015 368 1085 Certe
384 1013 627 1086 Aristodemus
645 1039 740 1087 unus
761 1015 827 1088 fuit
844 1038 863 1089 e
878 1013 1002 1088 decem
1020 1013 1164 1110 publice
1181 1015 1227 1088 ad
1242 1016 1328 1089 Phi-

216 1128 356 1225 lippum
384 1131 526 1218 missis;
561 1132 597 1202 iu
630 1154 700 1227 qua
727 1130 924 1228 legatione,
959 1156 1042 1204 oum
1068 1133 1236 1206 AEschine
1249 1149 1258 1236 ι’
1269 1134 1331 1229 qui

218 1247 327 1342 ipsius
345 1248 564 1341 tritagonista
579 1248 693 1321 suerat
714 1246 784 1346 (lh
796 1250 1112 1322 communicavisse
1131 1249 1280 1323 consilia
1298 1256 1333 1323 et

218 1365 291 1460 regi
309 1364 529 1439 consuluisse
552 1365 852 1439 verisimillimum
870 1374 933 1440 est.
961 1368 1071 1464 Cujus
1090 1367 1195 1440 etiam
1215 1368 1333 1464 prodi·
1406 1459 1407 1463 Ἴ

218 1482 366 1573 tionem,
383 1483 505 1555 multis
524 1490 600 1580 post
619 1484 735 1574 annis,
753 1485 1023 1575 Demosthenes,
1039 1486 1074 1558 in
1093 1485 1252 1558 oratione
1266 1508 1333 1581 pro

218 1601 367 1685 Corona,
401 1601 720 1673 commemoravit:
750 1629 764 1667 o
784 1601 852 1685 Qui
883 1601 1021 1698 primus
1045 1600 1185 1674 locutus
1214 1608 1265 1675 est
1298 1607 1333 1673 et

218 1716 438 1789 mentionem
461 1716 504 1788 do
527 1738 613 1812 pace
641 1716 737 1806 lecit,
759 1715 1003 1791 Aristodemus
1027 1724 1078 1790 est
1104 1716 1227 1789 artifex
1240 1744 1248 1804 ;
1273 1717 1335 1812 qui

218 1855 298 1905 vero
313 1833 478 1904 successit
496 1840 531 1904 et
545 1833 678 1928 rogavit
694 1840 729 1906 et
745 1856 825 1906 511111
843 1833 905 1907 1110
924 1857 1023 1906 suam
1040 1856 1184 1931 operam
1201 1835 1238 1906 in
1258 1857 1336 1906 eam

218 1972 295 2022 15111
322 1949 465 2036 locavit,
493 1948 711 2023 Philocrates
738 1949 805 2023 luit
834 1951 1035 2046 Hagnusius
1064 1947 1164 2047 (1).»
1196 1954 1237 2022 ln
1264 1949 1336 2024 fine

220 2073 354 2162 quartae
376 2066 597 2162 Philippicae,
618 2065 713 2140 idem
730 2067 769 2138 in
785 2068 977 2163 quemdam
997 2065 1261 2142 Aristodemum
1276 2079 1338 2140 aut

219 2182 478 2255 Aristomedem
500 2181 649 2280 (variant
671 2184 768 2256 enim
789 2183 955 2256 codicum
975 2182 1160 2281 lectiones)
1181 2183 1338 2280 Philippi

221 2299 446 2373 defensorem
481 2299 608 2372 acerbe
642 2300 843 2388 invehitur3
873 2300 935 2373 sed
959 2307 1080 2374 utrum
1110 2299 1154 2374 de
1181 2302 1338 2398 tragoedo

222 2406 347 2513 agatur
362 2439 475 2489 necne
490 2416 682 2489 incertum.

269 2533 348 2606 Jam
363 2533 608 2606 Macedoniam
632 2532 737 2605 multi
757 2533 907 2607 artifices
930 2540 1102 2630 tanquam
1117 2533 1265 2607 alteram
1280 2542 1339 2632 pa-

222 2653 326 2725 triam
355 2650 573 2741 incolebant,
601 2650 770 2725 ludorum
795 2653 1059 2748 magnificentia
1084 2658 1120 2725 et
1148 2677 1340 2727 munerum

222 2767 458 2866 amplitudine
488 2769 616 2855 allecti,
644 2776 835 2864 patronum
859 2770 953 2841 nauti
983 2770 1195 2842 munificum
1219 2779 1254 2844 et
1277 2795 1342 2845 co-

223 2910 332 2976 mem,
351 2888 510 2981 ipsorum
536 2885 641 2958 fastui
665 2891 698 2958 et
722 2887 874 2957 avaritiae
899 2887 1052 2958 maxime
1072 2891 1337 2981 opportunum3

221 3002 325 3075 illum
345 3003 475 3074 Graecis
489 3000 625 3074 bellum
643 3000 855 3074 inserentem
870 3002 1038 3098 prosequi
1055 3032 1063 3092 ;
1079 3001 1177 3076 illius
1197 3023 1339 3095 compo·

221 3119 415 3192 tationibus
453 3125 487 3191 et
521 3118 831 3190 comissationibus
864 3117 956 3190 soliti
985 3120 1107 3192 adesse
1137 3116 1206 3215 (3),
1234 3124 1341 3213 atque

222 3236 329 3309 ctiam
343 3235 454 3330 ipsius
471 3233 616 3308 iarrxiliae
628 3235 755 3330 jurgiis
770 3240 803 3307 et
819 3235 1100 3308 dissensionibus
1114 3234 1254 3307 misceri
1272 3231 1338 3331 (1).

273 3351 471 3426 Alexander
491 3358 681 3447 paternum
702 3350 860 3424 studium
877 3376 958 3449 erga
971 3353 1128 3426 scenicos
1144 3375 1218 3425 uon
1232 3348 1340 3422 modo

223 3471 379 3543 imitatus
400 3478 464 3558 est,
484 3469 601 3543 sedin
621 3467 724 3541 bellis
739 3492 884 3566 quoque
904 3470 994 3541 etin
1015 3471 1091 3566 ipso
1112 3468 1339 3542 victoriarum

223 3611 329 3659 cursu
344 3587 512 3674 retinuit3
531 3585 675 3682 majoris
691 3586 798 3658 etiam
816 3585 1039 3659 liberalitatis
1055 3583 1219 3680 exempla
1234 3583 1340 3656 exhi-

223 3705 311 3791 buit,
335 3704 408 3800 ipse
427 3710 461 3777 et
480 3703 610 3775 artium
629 3688 825 3798 grecorum
846 3703 1108 3775 amantissimus
1124 3708 1194 3775 eta
1214 3699 1340 3796 primis

223 3822 325 3894 annis
342 3821 519 3894 artificum
537 3820 750 3893 commercio
766 3826 937 3908 assuetus,
952 3843 1106 3915 quorum
1122 3841 1251 3908 unum,
1268 3824 1340 3890 tra-

262 3972 304 4054 (1)
328 3972 503 4047 Demosth,
525 3970 569 4031 De
586 3969 661 4030 mule
677 3978 757 4049 peste
774 3969 928 4049 lepotioue,
946 3973 1016 4032 246.

266 4068 306 4149 (1)
327 4068 497 4140 Demosth,
513 4067 573 4125 Pro
594 4063 786 4140 6010111521.

263 4162 305 4243 (3)
327 4162 557 4241 Theopompus,
575 4160 611 4218 11.
627 4161 694 4218 262.
711 4158 851 4218 Dimissis
866 4156 1110 4220 Atheniensibus
1123 4155 1244 4237 legatis,
1258 4174 1338 4218 uuo·

223 4259 288 4319 cari
301 4258 447 4317 tibicinas
462 4255 608 4316 mulieres
619 4252 714 4332 jussit
728 4258 759 4312 et
778 4253 991 4314 Aristonicum
1005 4254 1217 4315 citharoedum
1233 4257 1264 4313 et
1277 4254 1339 4312 Do-

221 4353 343 4412 rionem
363 4351 525 4411 tibicinem
542 4354 573 4408 et
592 4354 710 4408 ceteros
727 4347 870 4426 quicum
888 4348 955 4427 ipso
973 4354 1152 4427 compotare
1168 4365 1338 4408 consueve-

221 4452 304 4508 rant.
317 4445 580 4505 Circumducebat
590 4443 673 4503 enim
686 4460 885 4523 quocumque
896 4444 975 4505 talos
985 4443 1129 4505 homines
1139 4442 1338 4520 Philippus.»

263 4539 306 4622 (1)
328 4539 501 4614 Plutarch,
519 4537 681 4613 Alecuud„
699 4540 747 4598 10.
