3120 5302
814 516 972 574 -84-

326 651 468 746 goedum
496 648 718 736 Thessalum,
746 648 851 720 etiam
872 647 1072 719 domesticis
1092 645 1334 718 simultatibus
1356 645 1448 717 mis-

327 772 460 840 cuerat.
483 766 560 853 Hic,
580 765 655 862 jam
673 787 693 836 a
708 763 902 860 primordio
919 764 1030 859 regni,
1049 763 1314 859 magnificentia
1328 761 1448 834 adhuc

326 883 510 971 inusitata,
547 882 767 954 scenicorum
802 881 917 954 studia
947 882 980 951 in
1013 904 1048 954 sc
1084 879 1269 953 convertit.
1304 878 1448 950 liversis

326 999 424 1072 enim
441 997 585 1087 Thebis,
605 1021 765 1070 summus
788 998 979 1093 imperator
1001 1020 1020 1069 a
1044 996 1174 1068 Graecis
1190 1001 1328 1069 creatus
1346 1017 1448 1066 «ma-

326 1115 457 1211 gnifica
472 1112 538 1186 diis
558 1114 729 1186 sacrificia
751 1118 784 1187 et
804 1113 961 1185 scenicos
979 1113 1053 1185 tovi
1072 1111 1253 1207 Musisque
1272 1109 1379 1184 ludos
1402 1109 1446 1183 ab

326 1229 503 1302 Archelao
520 1230 632 1324 ipsius
650 1235 870 1302 antecessore
889 1229 1081 1315 institutos,
1106 1228 1161 1300 Dii
1180 1228 1217 1299 in
1238 1227 1447 1302 Macedonia

326 1346 471 1441 peregit.
491 1345 635 1417 Duravit
649 1345 757 1442 hujus
779 1344 859 1417 lesti
875 1343 1061 1417 celebritas
1074 1345 1119 1417 ad
1139 1367 1266 1416 novem
1287 1341 1378 1432 dies,
1398 1343 1447 1414 ita

328 1467 367 1534 ut
386 1465 495 1534 Musae
510 1463 683 1559 cujusque
698 1462 835 1535 nomini
851 1461 925 1536 dies
941 1487 1033 1534 unus
1049 1461 1255 1534 dicaretur»
1276 1458 1342 1557 ()).
1359 1462 1448 1532 Cer-

326 1579 460 1651 tamina
482 1578 630 1665 musica,
659 1577 861 1673 sumptibus
881 1580 922 1651 ad
948 1579 1047 1650 hunc
1067 1577 1161 1651 diem
1176 1574 1359 1665 inauditis,
1384 1577 1447 1648 in—

326 1693 487 1768 credibili
507 1695 616 1791 ipsius
638 1695 888 1789 sociorumque
906 1701 940 1766 et
959 1695 1065 1791 Cypri
1086 1693 1289 1790 regulorum
1310 1692 1443 1783 studi0,

324 1811 481 1906 primum
501 1818 579 1908 post
596 1811 767 1884 domitam
787 1815 979 1908 AEgyptum
996 1812 1034 1883 in
1059 1812 1251 1884 Phoenicen
1265 1833 1442 1899 reversus,

324 1925 435 1999 edidit
456 1925 520 2025 (9).
540 1931 640 1999 Hanc
657 1928 954 2023 magnificentiam
970 1929 1057 2024 ipse,
1076 1928 1192 2000 occiso
1209 1928 1327 2017 Dario,
1341 1950 1446 2022 supe-

324 2045 413 2117 ravit
429 2045 468 2115 in
488 2044 560 2115 suis
580 2051 615 2116 et
634 2039 831 2117 amicorum
850 2046 998 2140 nuptiis,
1022 2068 1109 2142 quas
1130 2046 1226 2119 Susis
1245 2043 1371 2117 edidit.
1393 2044 1445 2117 De

328 2158 460 2256 quibus
479 2159 724 2232 testimonium
740 2158 883 2255 reliquit
902 2159 1033 2234 Chares
1048 2160 1287 2257 Mitylenaeus,
1311 2184 1406 2233 unus
1426 2183 1446 2231 e

328 2276 431 2372 regiis
460 2273 650 2348 comitibus
674 2276 860 2371 sociisque.
890 2277 978 2364 Qui,
1013 2278 1298 2351 commemoratis
1324 2276 1446 2350 nomi-

327 2394 438 2465 natim
460 2393 577 2465 omnis
591 2393 731 2488 generis
746 2392 948 2464 clarissimis
968 2392 1164 2466 artificibus
1186 2393 1324 2491 quibis
1346 2392 1445 2465 sestis

328 2508 579 2594 interfuerunt,
599 2506 734 2581 addidit
752 2532 760 2580 :
785 2536 801 2574 «
815 2512 891 2580 lam
905 2508 988 2582 inde
1002 2510 1063 2605 qui
1077 2511 1176 2606 prius
1190 2508 1334 2604 Dionysi
1347 2531 1446 2581 voca·

327 2623 471 2715 bantur,
493 2623 686 2696 Alexandri
710 2623 911 2697 adulatores
930 2624 1015 2699 dicti
1032 2634 1127 2714 sunt,
1150 2633 1293 2722 propter
1317 2648 1447 2698 mune-

327 2761 407 2811 rum
430 2737 676 2812 incredibilem
696 2737 843 2812 modum
856 2769 870 2807 u
894 2739 958 2838 (3).
977 2745 1088 2814 Tanta
1103 2740 1314 2814 liberalitate
1328 2747 1445 2814 totum

327 2856 549 2928 scenicorum
569 2879 682 2953 genus
700 2879 719 2928 e
734 2857 868 2930 Graecia
883 2859 1073 2931 commovit
1090 2860 1177 2931 etin
1195 2857 1339 2930 ultimos
1353 2859 1445 2930 Asiae

329 2973 419 3045 fines
438 2974 486 3045 ita
512 2973 628 3067 rapuit
654 2977 694 3044 ut
720 2972 929 3045 Plutarchus
958 2975 1200 3070 Arrianusque
1227 2997 1297 3048 non
1327 2975 1446 3046 minus

328 3113 436 3186 quam
452 3090 518 3162 tria
539 3088 651 3161 millia
674 3091 878 3162 convenisse
895 3091 1075 3164 affirment
1091 3089 1155 3189 (4).

379 3208 556 3293 Ceterum,
580 3212 618 3276 ut
638 3204 839 3278 Alexander
867 3207 997 3302 insigni
1025 3231 1222 3303 graecarum
1256 3208 1389 3280 artium
1416 3213 1450 3280 et

330 3321 529 3394 litterarum
548 3304 668 3393 amore
686 3322 826 3411 enituit,
841 3322 889 3394 ita
904 3323 941 3393 in
957 3323 1111 3395 artifices
1126 3323 1284 3396 scenicos
1299 3323 1450 3396 nimiam

332 3435 534 3509 facilitatem
552 3433 717 3507 ostendit.
736 3439 858 3531 Neque
874 3438 970 3509 enim
986 3461 1109 3510 eorum
1128 3438 1235 3511 modo
1249 3436 1450 3511 aviditatem

332 3554 496 3650 explevit,
523 3559 559 3625 ut
575 3554 637 3649 qui
653 3554 783 3650 Lyconi
803 3555 1014 3649 Scarphensi
1034 3555 1196 3628 comoedo
1217 3554 1349 3627 fabulae
1371 3578 1453 3628 ver-

333 3693 412 3741 sum
437 3669 606 3741 inserenti
631 3692 702 3766 quo
727 3667 849 3741 decem
874 3669 1005 3743 talenta
1026 3679 1174 3766 peteret,
1198 3671 1319 3744 ridens
1338 3669 1454 3743 dedc-

335 3786 379 3857 rit
396 3783 445 3883 (5)
463 3811 471 3871 ;
492 3784 553 3857 sed
567 3785 673 3857 etiam
689 3783 725 3855 id
738 3786 1049 3880 genushominunr
1062 3788 1230 3861 conviviis
1241 3794 1276 3861 et
1287 3787 1453 3861 amicitiae

334 3925 407 3974 suae
433 3903 595 3984 inseruit,
623 3900 841 3973 temulentus
863 3903 1054 3975 chororum
1082 3904 1338 3978 certaminibus
1360 3927 1454 4002 prae-

378 4136 388 4216 (
435 4137 598 4213 Diodorus,
617 4137 711 4211 XVll,
729 4140 776 4199 46.

377 4231 416 4309 (9)
440 4229 610 4302 Plutarch,
626 4229 775 4291 Alexand.
782 4236 857 4308 ,99;
879 4233 984 4313 Desor
986 4233 1296 4313 tluquecoodri,2.

376 4324 418 4405 (3)
440 4325 556 4385 Chares
569 4325 606 4384 fr
624 4326 672 4399 16,
689 4327 828 4402 apudt
787 4330 811 4387 A
815 4327 984 4404 th,enaeum
1003 4350 1035 4409 p
1052 4333 1122 4392 538.

379 4419 515 4499 ()Plu
502 4419 616 4495 arch
632 4418 792 4494 A.,ercood
808 4426 857 4484 79.
870 4425 1082 4501 -Arrianus,
1099 4427 1163 4523 vlt,
1184 4430 1232 4487 44.

379 4514 414 4593 (5
437 4515 611 4590 Plutarch,
628 4513 776 4577 Al.e.cood
779 4519 851 4592 ,99
