3120 5302
702 524 861 582 ..71-

269 659 417 733 Artocen.
436 658 674 731 Dramaticam
693 657 829 752 poesim
844 657 997 730 maxime
1015 655 1189 753 placuisse
1204 653 1338 729 indicio

221 785 272 849 est
286 777 523 850 certaminum
545 798 718 849 numerus
741 783 776 849 et
800 782 961 849 actorum
981 774 1095 869 copia.
1124 772 1169 846 Hi
1193 772 1340 847 luerunt

219 894 328 968 trium
344 917 540 990 generum:
564 893 714 987 satyrici,
736 893 857 989 tragici
877 899 911 964 et
928 891 1068 966 comici.

268 1013 473 1106 Satyrorum
492 1017 629 1083 actores
647 1032 668 1082 a
682 1008 854 1083 comoedis
873 1014 907 1082 et
921 1008 1089 1105 tragoedis
1104 1009 1287 1081 distinctos
1301 1008 1339 1079 in

218 1127 383 1225 pluribus
404 1126 517 1200 titulis
542 1128 713 1200 invenias.
735 1129 888 1199 Ornatus
908 1149 1052 1223 queque
1079 1127 1183 1200 certis
1209 1124 1339 1198 discri-

218 1243 411 1318 minibusa
432 1243 604 1318 comoedis
633 1242 823 1331 differunt3
846 1244 949 1340 cujus
972 1242 1069 1316 haud
1086 1265 1201 1339 pauca
1220 1264 1340 1316 exem-

217 1362 277 1458 pla
292 1384 312 1434 e
327 1362 416 1435 rasis
436 1362 540 1456 pictis
560 1358 865 1456 sumpta-collegit
884 1365 920 1432 et
944 1360 1132 1456 diligenter
1152 1357 1341 1433 illustravit

218 1476 389 1550 Wieseler
410 1475 474 1574 (l).
499 1477 650 1550 Maxime
670 1475 915 1550 memorabilis
934 1482 986 1549 est
1013 1477 1152 1572 pictura
1173 1475 1339 1573 quedam

219 1592 255 1664 in
271 1616 341 1689 qua
356 1594 474 1668 videas
497 1599 612 1667 totum
628 1594 820 1689 satyricum
839 1616 995 1690 gregem,
1010 1594 1160 1690 jamjam
1178 1591 1338 1666 fabulam

219 1718 383 1784 acturum
397 1717 432 1783 et
447 1718 593 1783 ornatus
607 1710 833 1782 induentem.
857 1709 989 1782 Omitto
1003 1709 1183 1782 Bacchum
1198 1707 1339 1781 inlecto

218 1852 301 1902 cum
320 1825 475 1901 Ariadne
500 1826 769 1901 recumbentem
794 1833 829 1899 et
846 1830 984 1901 Musam
1004 1827 1063 1899 cui
1087 1826 1251 1899 Himeros
1271 1826 1339 1899 de-

217 1944 339 2018 volans
356 1966 526 2017 coronam
542 1941 660 2032 affert,
684 1966 764 2039 qnae
789 1943 909 2016 nescio
929 1965 974 2015 an
1001 1942 1072 2014 sint
1092 1939 1211 2014 relatae
1228 1941 1341 2015 victo·

219 2063 281 2134 riae
306 2061 522 2134 testimonia.
558 2063 659 2133 Stant
678 2066 749 2132 tres
767 2064 903 2133 actores
919 2061 994 2155 Jam
1020 2059 1153 2154 parati,
1182 2081 1337 2155 quorum

221 2203 315 2252 unus
328 2178 534 2265 Herculem,
550 2176 638 2250 alter
651 2175 827 2267 Silenum,
844 2179 966 2249 tertius
977 2177 1096 2249 nescio
1109 2198 1216 2273 quem
1230 2176 1338 2250 heroa

222 2295 336 2368 reddit
349 2322 358 2383 ;
385 2301 461 2367 tum
488 2295 611 2367 decem
631 2295 807 2390 juvenum
830 2293 974 2382 chorus,
1002 2292 1063 2388 qui
1085 2294 1161 2389 jam
1186 2293 1338 2367 accincti

219 2412 364 2508 cingulo
391 2411 540 2506 satyrico
569 2418 603 2483 et
627 2412 721 2483 varie
748 2410 914 2483 saltantes
938 2418 999 2483 aut
1033 2411 1196 2484 sedentes
1226 2433 1336 2482 mann

219 2551 406 2624 personam
424 2528 609 2623 satyricam
628 2533 769 2623 gerunt.
793 2528 855 2599 His
875 2528 1036 2599 accinere
1056 2533 1181 2625 parant
1203 2526 1336 2600 tibicen

219 2653 252 2719 et
281 2645 461 2719 citharista
470 2671 478 2732 ;
509 2644 606 2718 sedet
631 2643 832 2718 didascalus
857 2667 966 2717 manu
998 2645 1140 2718 sinistra
1167 2644 1337 2718 volumen

219 2762 386 2835 retinens.
404 2765 524 2846 Quum
540 2760 719 2856 plerisque
735 2760 883 2833 nomina
899 2758 1075 2856 adscripta
1088 2761 1172 2846 sint,
1189 2760 1264 2856 jam
1280 2760 1337 2831 in-

220 2878 356 2974 telligas
372 2901 452 2950 eam
471 2879 647 2973 picturam
667 2900 740 2949 non
768 2899 811 2949 ex
830 2875 976 2949 arbitrio
1001 2877 1247 2971 compositam,
1275 2875 1335 2949 sed

218 3019 335 3068 reram
350 2995 504 3091 effigiem
525 2994 633 3066 unius
651 2993 766 3089 gregis
781 2993 933 3088 satyrici,
956 2991 1101 3064 sortasse
1121 2992 1166 3065 ad
1185 3015 1335 3065 servan-

219 3113 300 3185 dam
316 3112 471 3186 victoriae
486 3111 710 3198 memoriam,
726 3131 928 3205 expressam
940 3108 1060 3180 luisse.
1078 3110 1197 3195 Quum
1211 3132 1253 3180 ex
1265 3108 1333 3182 hac

218 3233 368 3327 pictura,
390 3236 466 3301 tum
484 3251 502 3300 e
519 3227 644 3300 ceteris
658 3225 777 3299 videre
796 3233 848 3299 est
868 3227 905 3298 in
926 3227 1050 3322 satyris
1064 3225 1334 3324 diligentissime
1358 3267 1364 3278 ·

217 3346 362 3419 retineri
383 3342 486 3418 solita
509 3345 635 3440 priscae
656 3343 804 3440 originis
830 3343 981 3431 indicia,
1004 3367 1132 3440 nempe
1149 3343 1333 3440 cingulum

218 3464 417 3536 coriaceum
436 3484 519 3533 cum
535 3459 733 3557 ithyphalle
745 3467 779 3533 et
799 3459 914 3535 cauda
931 3461 1076 3558 caprina
1088 3467 1193 3557 atque
1207 3483 1333 3558 perso-

217 3604 281 3654 nas
294 3579 414 3653 vnltus
429 3581 634 3673 Satyrorum
652 3577 856 3651 reserentes.

266 3700 306 3769 ln
326 3694 456 3768 tabulis
477 3696 713 3767 certaminum
733 3695 861 3791 saepius
880 3693 1002 3767 victori
1019 3704 1135 3791 poetae
1152 3719 1252 3770 novae
1275 3720 1332 3770 ce-

217 3814 358 3887 moediae
376 3820 436 3885 aut
458 3811 636 3909 tragoediae
656 3810 869 3885 adscribitur
885 3816 983 3883 actor
999 3792 1214 3908 primarum,
1239 3814 1334 3910 quod

218 3931 253 4002 in
269 3928 469 4004 didascaliis
482 3929 597 4001 atticis
609 3927 868 4001 recentioribus
881 3951 1024 4023 semper
1037 3928 1170 4002 lactum
1183 3938 1246 4004 est.
1265 3932 1333 4017 Qui

217 4047 261 4119 sit
274 4047 422 4121 omnino
438 4046 499 4141 qni
522 4050 669 4118 vocatur
686 4057 781 4117 octor
803 4068 896 4116 nouoe
917 4044 1102 4134 comedite,
1126 4057 1219 4119 octor
1243 4070 1336 4119 noooe

217 4163 396 4262 tragoedia,
421 4185 505 4235 cum
520 4161 582 4234 illa
604 4161 713 4234 altera
732 4161 929 4257 quaestione
949 4162 1183 4257 conjunctum
1204 4168 1268 4253 est,
1289 4164 1334 4237 de

255 4445 298 4525 (l)
320 4443 636 4522 Theatersgebaeude.
666 4474 707 4487 -
729 4441 927 4504 Monumenti
950 4441 1076 4518 scenici,
1100 4441 1210 4505 Anncl.
1234 4440 1331 4503 Instit.

218 4540 308 4613 ureb,
327 4543 416 4618 1853,
430 4559 462 4618 p.
477 4543 534 4614 333
552 4539 640 4611 l8'll,
655 4555 685 4616 p.
700 4541 750 4597 97.
