3120 5302
674 470 813 530 ..5-

185 603 254 675 nisi
268 625 348 676 vere
367 601 502 699 aliquid
523 602 736 675 sacrosancti
756 601 918 698 choragis
937 603 1052 676 inesse
1065 602 1299 682 Athenienses

185 720 424 817 putavissent?
454 716 546 804 ouid
565 723 671 790 reus?
686 721 763 791 Non
779 719 822 791 de
837 718 919 814 jure
943 718 1125 814 disceptat,
1144 720 1297 794 nectale

185 835 355 909 delictum
376 842 489 908 morte
505 858 577 909 non
593 857 667 908 esse
682 835 855 930 piandum
870 834 1063 926 contendit,
1081 835 1155 924 sed,
1173 836 1300 910 consu-

189 953 287 1048 giens
306 953 350 1025 ad
364 952 529 1049 argutias,
553 951 828 1025 Demosthenem
843 957 982 1047 sponte,
1001 976 1074 1026 non
1095 960 1187 1026 sorte
1202 952 1299 1026 desi-

187 1074 346 1162 gnatum,
357 1067 502 1164 choragi
515 1091 647 1139 munus
658 1066 807 1140 subiisse
817 1072 1000 1157 asseverat,
1017 1070 1112 1142 unde
1122 1070 1297 1166 privatum

186 1204 258 1254 non
278 1182 463 1278 publicum
483 1183 668 1256 hominem
682 1207 702 1256 3
717 1206 753 1255 se
769 1181 939 1255 violatum
957 1182 1076 1272 luisse,
1098 1208 1173 1258 rem
1192 1191 1301 1259 totam

185 1300 230 1372 ad
238 1301 297 1396 jus
309 1321 500 1374 commune
517 1298 773 1397 retrahens(t).
789 1301 838 1370 Ex
852 1321 922 1394 qno
936 1300 1018 1372 satis
1032 1307 1127 1396 patet
1141 1302 1184 1373 de
1196 1326 1302 1399 poena

185 1417 261 1511 ipsa
286 1416 560 1488 controversiam
594 1414 730 1487 nullam
755 1415 888 1487 moveri
913 1416 1083 1510 potuisse,
1112 1416 1173 1490 sed
1202 1418 1238 1489 in
1259 1441 1300 1491 eo

185 1533 307 1604 omnia
324 1532 453 1604 versari
468 1539 588 1603 utrum
612 1530 868 1604 Demosthenes
886 1531 1043 1626 privatus
1062 1531 1171 1605 homo
1194 1533 1301 1607 fuerit

185 1671 230 1720 an
257 1646 423 1743 publicus
451 1646 583 1718 Bacchi
614 1646 787 1718 minister.
820 1648 985 1719 Ceterum
1008 1647 1075 1721 hac
1099 1647 1177 1745 lege*
1202 1647 1302 1722 nulla

185 1762 280 1859 apud
298 1763 534 1836 Athenienses
551 1762 705 1835 sanctior
720 1771 780 1834 aut
790 1763 958 1835 vetustior
973 1761 1091 1836 habita
1106 1769 1170 1851 est,
1189 1764 1301 1861 siqui-

185 1878 266 1953 dem
281 1879 426 1968 oratori,
445 1880 591 1952 nemine
609 1879 827 1968 adversante,
845 1878 1023 1951 affirmare
1038 1877 1138 1952 licuit
1160 1904 1168 1952 :
1196 1908 1213 1946 «
1231 1881 1299 1952 Ea-

184 1995 266 2070 dem
285 2002 336 2070 est
356 1995 412 2069 lex
432 1995 475 2070 de
493 1995 667 2091 mysteriis
685 2019 765 2092 quae
783 1994 826 2068 dc
846 1994 1032 2089 DionysiiS,
1052 2001 1087 2066 et
1101 1993 1162 2067 illu
1180 2015 1300 2067 recen·

183 2114 254 2185 tius
269 2135 378 2209 quam
393 2112 472 2185 haec
487 2111 556 2185 lata
569 2109 634 2209 (t).
656 2140 672 2178 »

232 2230 286 2302 Ad
304 2228 383 2300 haec
406 2235 513 2300 tantae
538 2227 677 2323 pietatis
700 2227 737 2298 in
762 2226 912 2300 colendo
940 2226 1078 2300 Baccho
1098 2228 1300 2302 testimonia

184 2346 212 2417 si
232 2345 312 2442 quis
335 2343 492 2417 advertat
512 2343 687 2429 animum,
716 2343 876 2437 prolecto
904 2343 1024 2414 minus
1049 2344 1200 2416 miretur
1225 2349 1299 2417 tam

184 2461 357 2533 diversam
372 2460 479 2533 fuisse
498 2457 593 2554 apud
609 2461 749 2534 Graecos
768 2465 803 2532 ct
821 2457 916 2555 apud
935 2462 1113 2532 Romanos
1136 2461 1297 2534 scenico-

184 2601 264 2649 rum
284 2576 462 2649 artificum
477 2576 733 2663 conditionem,
750 2577 834 2648 etin
855 2575 922 2648 hac
941 2574 1179 2671 disputatione
1192 2574 1296 2649 facile

183 2693 371 2790 perspiciat
389 2716 462 2766 non
481 2691 587 2767 modo
604 2715 684 2788 quae
704 2692 823 2779 fuerit,
841 2690 901 2766 sed
917 2693 1024 2764 etiam
1040 2691 1169 2789 quibus
1184 2693 1299 2766 causis

182 2811 351 2884 exstiterit
370 2833 494 2884 eorum
513 2808 746 2906 collegiorum
761 2815 858 2883 tanta
874 2810 1072 2882 aestimatio.

230 2931 316 3013 Quae
346 2926 390 2999 de
419 2926 628 3015 artificibus,
662 2934 742 2999 ante
774 2925 966 2999 Alexandri
996 2927 1114 3022 Magni
1141 2932 1294 3014 aetatem,

182 3045 368 3140 scriptores
384 3044 608 3116 tradiderunt
631 3065 727 3115 nunc
751 3043 885 3128 omitto,
909 3041 1048 3138 singula
1063 3042 1099 3113 in
1121 3047 1294 3137 tempore,

180 3169 287 3257 prout
311 3185 399 3257 opus
426 3160 504 3247 erit,
536 3161 761 3256 repetiturus.
793 3158 858 3231 llla
887 3165 1045 3254 tempora
1070 3158 1295 3254 potissimum

180 3284 388 3373 persecutus
412 3299 505 3364 sum,
530 3274 660 3371 quibus
686 3275 795 3370 viguit
818 3298 873 3349 res
897 3298 1019 3349 eorum
1041 3277 1102 3371 qui
1122 3277 1242 3348 Graece
1265 3279 1294 3344 ot

180 3397 245 3491 περὶ
270 3398 321 3464 τὸν
344 3396 485 3464 Διόνυσον
513 3403 673 3488 τεχνῖται,
699 3393 822 3466 Latine
855 3394 977 3464 scenici
1001 3392 1145 3477 artifices
1170 3391 1297 3463 dicun·
1412 3417 1414 3421 ’

180 3518 240 3584 tur
260 3510 542 3610 (3).Supersunt
561 3511 658 3582 enim
676 3532 748 3581 non
768 3510 871 3605 pauci
892 3508 999 3596 tituli,
1028 3507 1087 3580 alii
1103 3508 1177 3605 jam
1197 3509 1295 3605 prins

180 3629 268 3717 noti,
286 3628 406 3724 plures
426 3627 481 3698 his
503 3625 702 3698 novissimis
727 3627 828 3698 annis
854 3624 990 3717 effossi,
1020 3647 1172 3720 quorum
1199 3646 1294 3697 non-

180 3743 299 3818 nullos
320 3744 393 3841 ipse
417 3741 552 3839 publici
573 3742 664 3838 juris
691 3741 772 3831 teci,
791 3741 977 3837 plerosque
999 3741 1086 3836 typis
1100 3740 1295 3813 chartaceis

220 3993 261 4073 (l)
284 3991 456 4068 Demosth,
473 3992 503 4050 in
518 3988 652 4067 lllr'drum,
670 4006 794 4068 argum.
812 3995 843 4050 et
856 3992 961 4051 nrt-uo.

218 4085 260 4166 (2)
284 4085 457 4163 Demosth.‚
471 4082 559 4155 loru,
577 4088 646 4145 tra.

221 4180 263 4258 (3)
284 4181 320 4240 ln
341 4178 565 4240 transferendis
585 4179 694 4257 graecis
712 4179 827 4254 verbis
851 4179 1088 4263 LatiniBaechi
1102 4179 1296 4241 mentionem

179 4275 363 4346 omiserunt,
388 4274 462 4354 quia
484 4276 591 4334 Romae
605 4291 656 4334 res
668 4272 790 4334 ludicra
804 4292 1004 4355 nequaqnam
1022 4293 1093 4335 cum
1114 4275 1199 4334 illius
1220 4274 1294 4335 reli·

179 4369 272 4446 gione
285 4369 452 4447 conjuncta
465 4367 538 4443 fuit;
556 4385 651 4448 quam
665 4373 773 4428 tamen
787 4369 1023 4429 translationem
1037 4370 1132 4448 vulgo
1153 4389 1171 4429 3
1188 4368 1294 4429 latinis

179 4461 384 4540 scriptoribus
395 4467 578 4541 usurpatam
590 4463 623 4522 in
638 4461 697 4523 hac
709 4461 919 4541 disputatione
934 4463 1062 4523 retinui.
