3120 5302
770 557 923 617 ,92-

253 767 255 770 4
293 697 409 790 Nepos
429 716 437 762 ε
463 721 477 757 u
498 692 539 762 ln
561 713 704 763 scenam
726 715 806 764 vero
824 692 965 786 prodire
980 697 1014 764 et
1029 691 1161 787 populo
1179 715 1253 764 esse
1269 699 1408 788 specta-

293 810 375 884 culo
404 809 539 881 nemini
568 808 604 879 in
632 807 759 879 iisdem
783 807 1038 904 gentibusluit
1067 808 1295 902 turpitudini,
1325 830 1408 904 quae

290 928 411 1000 omnia
429 927 554 1021 partim
575 923 731 1011 infamia,
754 926 884 1020 partim
902 925 1054 997 humilia
1074 931 1180 1022 atque
1201 924 1245 998 ab
1269 926 1409 998 hones-

240 1037 241 1041 ’
290 1049 360 1116 tate
378 1048 510 1115 remota
531 1048 716 1137 ponuntur
736 1040 800 1139 (l).
824 1072 838 1108 o

828 1349 872 1419 X.

399 1581 458 1636 lle
479 1580 657 1648 collegii!
679 1581 847 1637 scenici!
866 1582 1161 1651 imperatorum
1182 1581 1306 1634 aetate.

341 1789 598 1881 Imperatorum
625 1791 741 1874 aetate,
772 1809 828 1859 res
854 1786 992 1859 scenica
1026 1785 1235 1858 Graecorum
1264 1784 1411 1857 tandem

293 1904 413 1974 Romae
431 1901 530 1996 quasi
548 1902 722 1975 civitatem
738 1903 865 1997 adepta
886 1908 951 1990 est,
978 1906 1122 1972 auctore
1137 1902 1288 1972 Nerone.
1312 1927 1327 1966 u
1339 1903 1413 1970 Ins-

292 2019 386 2090 tituit
397 2023 431 2090 et
445 2017 714 2114 quinquennale
729 2025 909 2091 certamen
926 2019 1063 2112 primus
1085 2016 1248 2088 omnium
1269 2015 1409 2106 Romae,

294 2157 393 2206 more
425 2156 540 2229 graeco
564 2133 713 2228 triplerr,
738 2135 936 2222 musicum,
967 2133 1194 2228 gymnicum,
1228 2138 1406 2227 equestre,

294 2250 389 2347 quod
410 2248 598 2345 appellauit
613 2251 766 2322 Neronia
783 2248 848 2348 (2).
862 2278 878 2316 o
898 2251 1066 2322 Eamdem
1088 2250 1280 2321 novitatem
1303 2271 1410 2321 accu-

296 2375 368 2437 rate
391 2365 523 2438 notavit
537 2366 700 2437 Tacitus:
730 2368 895 2438 «Nerone
911 2373 1092 2461 quartum,
1118 2366 1283 2440 Cornelio
1300 2367 1409 2437 Cosso

295 2482 517 2569 consulibus,
546 2481 815 2577 quinquennale
842 2481 1019 2553 ludicrum
1059 2488 1178 2555 Romae
1205 2484 1408 2582 institutum

296 2609 360 2686 est,
376 2599 420 2671 ad
445 2621 582 2669 morem
602 2600 706 2692 graeci
725 2599 942 2690 certaminis,
971 2599 1064 2671 varia
1089 2599 1195 2690 lama,
1221 2606 1260 2671 ut
1282 2608 1414 2674 cuncta

296 2716 407 2788 ferme
430 2738 531 2788 nova.
557 2745 574 2780 »
602 2716 787 2787 Sermones
819 2739 962 2812 quoque
991 2717 1028 2787 in
1054 2727 1241 2812 utramque
1276 2723 1414 2811 partem

291 2835 440 2930 jactatos
463 2831 596 2918 retulit,
625 2855 643 2903 e
669 2831 799 2928 quibus
817 2831 933 2905 videas
954 2855 1035 2929 quae
1055 2832 1188 2904 luerint
1207 2832 1413 2929 approban-

295 2950 385 3022 tium
401 2957 434 3022 et
453 2948 735 3044 improbantium
756 2950 938 3022 sententie
961 2948 1025 3049 (3).
1048 2950 1180 3045 Majora
1205 2950 1310 3022 etiam
1338 2954 1413 3024 Du-

296 3065 465 3137 mitianus
480 3090 488 3135 :
506 3093 520 3130 «
532 3065 687 3137 lnstituit
698 3072 732 3137 et
743 3065 1010 3160 quinquennale
1022 3066 1414 3162 certamenCapitolino

294 3181 368 3252 lovi
384 3179 522 3275 triplex,
545 3182 734 3270 musicum,
760 3187 943 3277 equestre,
961 3182 1167 3276 gymnicum
1181 3188 1216 3253 et
1229 3181 1414 3276 aliquanto

298 3294 456 3390 plurium
476 3318 584 3389 quam
606 3319 703 3367 nunc
725 3303 776 3367 est
796 3319 1020 3368 coronarum.
1047 3297 1236 3369 Certabant
1255 3299 1354 3369 enim
1382 3306 1416 3371 et

296 3434 399 3507 prosa
419 3413 578 3485 oratione
600 3435 713 3507 graece
738 3412 937 3508 latineque3
962 3436 1002 3485 ac
1027 3420 1157 3509 praeter
1187 3413 1414 3504 citharoedos,

297 3528 599 3602 chorocitharistae
615 3534 649 3600 et
666 3527 948 3622 psilocitharistao
964 3526 1027 3625 (l).
1047 3558 1063 3595 o

335 3807 377 3886 (l)
400 3807 560 3868 Cornelius
574 3808 688 3885 Nepos,
704 3805 859 3884 Prcesctto.

336 3901 376 3978 (2)
399 3903 540 3974 Sueten,
558 3899 650 3974 Nera,
668 3903 713 3959 lt.
726 3899 812 3977 -(3)
827 3901 936 3969 Tacit,
952 3900 1071 3974 drahel,
1089 3902 1168 3974 XIV,
1185 3903 1286 3962 au-al.

336 3994 378 4074 (lt)
401 3996 538 4069 Sueten,
551 3993 675 4065 Domlt„
691 3996 740 4054 t3.
753 4027 791 4036 —
806 3996 850 4053 De
865 3994 947 4053 ludis
966 3994 1150 4073 Capitolinis
1168 3995 1336 4074 diligenter
1354 3998 1417 4057 col-

297 4089 374 4169 legit
387 4088 598 4149 Friedlaender
612 4085 882 4166 (Sittenpescht'chte
897 4087 996 4163 Bonas,
1012 4093 1035 4146 t.
1050 4089 1087 4162 II,
1105 4107 1136 4167 p.
1152 4091 1220 4161 393)
1234 4089 1418 4152 testimonia

298 4201 314 4242 e
330 4182 531 4262 scriptoribus
546 4186 578 4241 et
589 4182 801 4241 monumentis
819 4182 992 4260 desumpta.
1008 4182 1179 4242 Addendus
1197 4188 1245 4243 est
1257 4183 1369 4243 titulus
1383 4186 1417 4244 in

297 4276 464 4337 ruderibus
477 4276 593 4335 theatri
607 4274 784 4354 Dionysiaei
798 4275 929 4335 Athenis
941 4281 1084 4353 repertus
1098 4298 1105 4336 :
1124 4297 1138 4333 n
1152 4279 1186 4336 Τ.
1202 4275 1302 4336 AElius
1316 4279 1418 4338 Aure-

297 4371 359 4430 lius
372 4370 556 4449 Apollonius
570 4369 731 4430 Tarsensis
746 4375 776 4428 et
792 4369 991 4429 Atheniensis
1007 4371 1166 4430 comoedus
1180 4376 1211 4431 et
1223 4389 1343 4449 praeco,
1364 4391 1419 4452 pe·

296 4465 469 4538 riodonica,
487 4469 517 4524 et
537 4465 568 4522 in
592 4462 774 4542 Capitolinis
795 4462 902 4535 victor,
923 4469 1089 4542 postquam
1110 4464 1171 4524 vici
1189 4465 1222 4523 in
1243 4467 1417 4527 certamine

298 4558 474 4637 Olympico,
497 4559 578 4618 hane
602 4564 739 4618 statuam
756 4557 851 4618 erexi.
871 4581 884 4613 n
905 4556 1079 4637 Ephemerr's
1096 4559 1239 4620 societatis
1258 4559 1418 4623 archoeolo·
