3120 5302
798 502 957 562 „32..

318 655 395 737 cam
424 656 569 707 omnem
594 633 782 730 complecti
804 641 952 708 testatur
967 634 1117 706 lasensis
1130 633 1269 708 titulus.
1294 638 1436 731 Inque,

320 773 432 847 quum
446 749 523 822 Teii
541 750 674 822 scenici
691 750 891 846 spondeant
905 773 941 823 se
963 753 1078 823 lasum
1093 751 1264 824 missuros
1283 751 1436 825 artifices

320 867 382 963 qui
405 867 532 940 choros
552 866 736 939 instituant
758 867 796 938 in
820 867 993 940 honorem
1014 866 1071 940 dei
1098 869 1297 941 secundum
1321 869 1436 964 patria

321 982 470 1055 civitatis
486 982 657 1071 instituta,
688 1006 761 1056 non
790 981 953 1055 tibicines
978 982 1095 1056 solum
1124 983 1196 1057 duo
1222 982 1432 1080 designaut,

322 1098 513 1173 sedetiam
540 1097 716 1195 tragoedos
740 1105 774 1173 et
792 1097 972 1172 comoedos
1001 1098 1096 1187 duo,
1128 1100 1366 1174 citharoedum
1402 1107 1436 1174 et

301 1223 303 1227 ’
322 1216 540 1289 citharistam
560 1215 626 1313 (l).
649 1218 808 1317 Quorum
837 1215 915 1311 quis
936 1238 1019 1288 usus
1041 1215 1176 1305 luisset,
1200 1215 1230 1288 si
1249 1217 1293 1291 de
1318 1217 1436 1292 choris
1517 1226 1519 1230 “

322 1331 438 1405 solum
464 1336 650 1428 ageretur?
672 1333 761 1406 Satis
781 1331 890 1428 igitur
914 1331 1141 1405 manifestum
1164 1338 1217 1405 est
1247 1331 1310 1406 illa
1336 1355 1436 1406 voca·

321 1448 418 1535 bula,
447 1449 553 1545 prisci
585 1450 753 1545 temporis
781 1447 954 1521 memoria
979 1470 1048 1544 quo
1077 1447 1208 1521 lestum
1237 1471 1345 1522 omne
1371 1473 1436 1544 per

321 1565 448 1640 choros
474 1564 720 1662 peragebatur,
748 1565 854 1638 etiam
883 1563 995 1636 serius
1015 1565 1181 1661 usurpari
1209 1563 1326 1653 solita,
1357 1589 1435 1638 rem

320 1689 445 1756 contra
461 1681 574 1755 multo
594 1681 701 1754 latius
719 1688 853 1778 patere.

370 1803 443 1872 Nec
469 1799 588 1872 minus
617 1821 700 1895 erga
732 1799 891 1873 scenicos
921 1799 1074 1874 artifices
1105 1820 1213 1895 quam
1248 1821 1331 1895 erga
1359 1821 1436 1871 rem

322 1916 499 1990 scenicam
519 1913 568 1987 dii
583 1913 870 1989 benevolentiam
893 1939 994 1989 suam
1017 1923 1136 2011 aperte
1152 1915 1432 1989 declaraverunt.

324 2032 461 2128 Quippe
488 2032 524 2103 iu
556 2031 640 2104 Teio
670 2029 788 2126 lapide
818 2038 1064 2106 memorantur
1090 2031 1265 2128 Apollinis
1292 2030 1436 2105 oracula

329 2177 344 2215 α
364 2148 494 2244 quibus
514 2147 628 2220 Graeci
647 2145 806 2219 obsecuti
821 2139 973 2221 artifices
995 2171 1108 2245 quum
1133 2170 1219 2245 pace
1242 2154 1319 2220 tum
1342 2146 1436 2220 bello

323 2271 416 2338 tutos
431 2272 465 2338 et
479 2263 665 2337 inviolatos
684 2286 758 2337 csse
777 2264 931 2338 universi
947 2266 1130 2361 jusserunt
1142 2262 1194 2362 (ἓ)
1209 2293 1246 2335 u.

371 2380 470 2454 Sacri
495 2381 603 2477 igitur
617 2379 768 2454 artifices
791 2386 826 2455 et
849 2403 912 2455 sua
930 2387 976 2471 et,
997 2382 1101 2479 quod¹
1110 2380 1251 2478 gravius
1270 2387 1337 2472 est,
1359 2402 1437 2454 om-

253 2489 258 2497 ’
322 2498 424 2571 nium
444 2497 613 2592 opinione
634 2495 746 2569 habiti
764 2502 860 2569 suut.
889 2494 930 2569 lu
953 2497 1151 2571 exercenda
1172 2502 1259 2589 arte,
1282 2520 1356 2571 non
1377 2519 1438 2570 vo-

321 2613 450 2710 luptati
469 2612 660 2687 homiuum
679 2636 743 2708 per
763 2610 913 2702 ludicra,
932 2611 993 2686 scd
1019 2612 1170 2687 deorum
1195 2613 1358 2710 religioni
1377 2636 1436 2687 eos

319 2729 509 2804 consulere
537 2727 812 2802 arbitrabantur.
846 2731 968 2826 Neque
1002 2730 1097 2802 enim
1129 2752 1212 2802 cum
1234 2728 1438 2802 Iasensibus

318 2851 421 2942 pacta
440 2868 514 2918 esse
530 2843 717 2919 conventio
737 2842 869 2917 dicitur
884 2852 922 2917 ut
938 2845 963 2915 ii
983 2844 1193 2941 spectaculis
1209 2852 1270 2917 aut
1291 2844 1437 2917 musicis

318 2962 414 3035 ludis
431 2960 620 3058 gaudeant,
640 2959 701 3033 sed
717 2966 780 3050 ut,
809 2961 987 3034 artificum
1008 2961 1154 3051 auxilio,
1173 2959 1290 3035 debita
1312 2985 1355 3034 ex
1375 2961 1434 3033 irr-

318 3077 449 3150 stitutis
476 3077 650 3174 majorum
677 3076 816 3172 pietatis
840 3098 923 3173 erga
950 3077 1057 3149 deum
1085 3075 1204 3149 officia
1224 3074 1437 3171 persolvan-

318 3200 375 3265 tur
391 3191 456 3290 (3).
475 3193 599 3288 Neque
615 3191 720 3264 aliter
736 3191 803 3286 ipsi
820 3192 1089 3287 Amphictioncs
1103 3215 1229 3265 eorum
1244 3190 1436 3265 artificium

317 3308 493 3383 definiunt
514 3309 582 3382 nisi
609 3337 624 3375 u
644 3314 683 3380 ut
698 3307 765 3381 diis
780 3307 900 3381 olficia
918 3307 1088 3404 legitima,
1105 3308 1237 3404 quibus
1254 3308 1435 3404 prepositi

318 3433 401 3498 sunt
431 3424 594 3514 artifices,
624 3429 840 3520 peragantur
869 3424 906 3496 iu
936 3425 1034 3497 statis
1058 3424 1291 3521 temporibus,
1322 3448 1434 3522 quum

316 3545 387 3618 sint
408 3543 475 3638 ipsi
500 3542 600 3616 omni
621 3542 762 3637 negotio
781 3542 881 3614 vacui
905 3547 939 3614 et
961 3541 1050 3614 sacri
1077 3541 1121 3614 ad
1154 3540 1304 3620 deorum
1330 3564 1437 3613 exse-

316 3659 478 3758 quendos
492 3659 669 3755 legitimos
686 3659 841 3732 honores
858 3657 909 3755 (l)
928 3684 962 3729 u.

365 3780 511 3872 Propter
525 3798 604 3871 quae
618 3775 749 3848 scenici
769 3798 844 3847 sese
864 3796 884 3847 e
902 3775 1087 3847 communi
1104 3774 1295 3848 hominum
1314 3775 1435 3849 condi·

316 3895 412 3968 tione
433 3898 598 3967 exserunt
623 3898 657 3963 et
679 3890 746 3963 sibi
772 3913 913 3987 sacrum
935 3891 1129 3986 quemdam
1156 3898 1287 3964 statum
1321 3892 1434 3966 vindi-

316 4017 400 4084 cant
436 4014 543 4105 atquc
575 4007 611 4079 in
647 4007 722 4102 ipsa
759 4005 992 4102 collegiorum
1027 4007 1272 4104 designatione
1306 4007 1433 4082 Bacchi

355 4217 395 4296 (l)
416 4218 459 4278 Le
473 4218 533 4276 an
547 4220 579 4276 et
592 4214 817 4292 Waddington,
828 4211 922 4274 lusor.
934 4211 1191 4292 d'Ast‘e-Mr'aeure,
1206 4216 1276 4289 281,
1292 4213 1314 4274 l.
1328 4216 1427 4277 15-1‘1.

358 4312 396 4394 (2)
421 4311 534 4391 Corpus
548 4309 635 4370 inser.
651 4309 856 4389 pr.,3067,1.
874 4312 973 4370 l'l-lll.

354 4406 396 4485 (3)
417 4409 460 4466 Le
474 4407 534 4466 Bas
546 4409 578 4466 et
591 4403 815 4480 Waddiugton,
834 4401 928 4462 lusor.
942 4400 1197 4480 dasle-Menenia,
1214 4407 1284 4482 281,
1300 4404 1322 4466 l.
1340 4409 1389 4467 16.

353 4499 396 4580 (l)
416 4502 549 4561 Decreta
562 4496 829 4578 Amphietionum
845 4496 867 4557 1.
885 4499 986 4558 l5·l8.
