3120 5302
606 548 764 605 41..

176 679 280 770 Quod
305 679 333 751 si
363 679 618 754 Demosthenes
642 677 807 774 pluribus
829 674 915 750 locis
933 675 1111 748 AEschinis
1133 677 1244 752 artili-

127 797 223 872 cium
245 817 327 869 cum
343 796 448 868 irrisu
462 801 498 868 et
512 793 784 890 exprobratione
799 792 1105 883 commemorarit,
1122 815 1194 864 uon
1210 795 1242 866 ei

127 934 288 1008 unquam
299 910 429 1008 probro
436 912 537 987 vertit
549 912 645 1008 quod
654 909 792 985 fabulas
803 911 942 1007 egisset,
953 901 1015 982 sed
1027 908 1124 1004 quod
1137 908 1240 984 male.
1254 969 1258 982 ,

126 1033 231 1105 Hunc
253 1029 408 1102 dicteriis
427 1034 636 1124 persecutus
660 1035 726 1118 ost,
754 1029 938 1101 tertiarum
957 1025 1113 1122 partium
1134 1025 1243 1122 pessi-

125 1169 226 1219 mum
246 1152 414 1232 actorem,
437 1147 610 1219 rusticum
628 1147 854 1218 OEnomaum
875 1140 927 1239 (in
951 1164 1024 1238 quo
1044 1141 1180 1238 agendo
1205 1141 1241 1213 in

125 1285 213 1362 pago
233 1260 389 1361 quodam
404 1259 607 1360 ceciderat),
624 1259 737 1334 sibilis
756 1258 955 1356 explosum,
973 1281 1057 1331 cum
1071 1264 1243 1355 spectato·

125 1366 225 1454 ribus
240 1376 455 1474 inexpiabile
471 1376 606 1452 bellum
621 1382 802 1475 gerentem
811 1403 819 1464 ;
847 1399 928 1472 quae
947 1382 1066 1448 tamen
1084 1375 1242 1448 convicia

126 1516 197 1568 uon
216 1494 405 1567 artiticium
427 1495 557 1589 ipsum,
580 1493 642 1566 sed
666 1491 838 1567 artificem
861 1489 1040 1563 insulsum
1062 1488 1213 1562 laedunt.

173 1614 247 1687 Nec
262 1611 373 1708 magis
392 1611 562 1701 scenicos,
582 1609 680 1707 quod
695 1611 762 1683 deo
777 1608 867 1681 sacri
884 1606 997 1680 habiti
1012 1615 1107 1696 sunt,
1124 1607 1242 1678 hiero-

126 1725 222 1800 dulos
253 1726 361 1800 fuisse
393 1728 598 1801 credideris.
635 1727 707 1801 llos
741 1726 859 1812 enim,
892 1746 1099 1822 quanquam
1134 1722 1241 1820 longe

24 1918 28 1929 ,
127 1843 266 1918 meliori
284 1851 376 1919 sorte
388 1844 610 1934 fruebantur,
628 1842 745 1916 servili
760 1848 879 1916 tamen
898 1848 932 1915 et
951 1841 1087 1938 origine
1100 1848 1135 1914 et
1149 1862 1242 1912 con-

127 1959 262 2035 ditione
285 1960 393 2033 luisse
411 1967 561 2050 constat,
584 1965 619 2033 et
633 1957 881 2032 tantummodo
900 1980 942 2030 ex
962 1957 1152 2030 hominum
1168 1978 1241 2029 ser-

74 2146 77 2154 ,
126 2075 234 2149 vitute
253 2073 297 2147 ad
321 2073 378 2148 dei
401 2076 582 2149 servitium
606 2075 788 2171 migrasse.
808 2073 966 2147 Artifices
984 2080 1118 2159 contra,
1132 2069 1240 2145 colla-

125 2191 264 2286 giorum
291 2190 494 2287 participes,
523 2191 670 2288 ingenui
702 2190 793 2264 cives
821 2197 939 2279 erant,
969 2195 1090 2286 utpote
1116 2188 1178 2284 qui
1206 2192 1241 2260 et

125 2313 313 2405 paternum
346 2331 479 2381 nomen
508 2315 543 2381 ct
572 2309 748 2382 civitatem
782 2332 882 2381 suam
918 2307 1130 2404 proferrent.
1167 2309 1240 2379 Nec

126 2423 254 2497 desunt
278 2422 407 2497 diserta
425 2423 585 2521 lapidum
613 2426 816 2510 testimonia
844 2449 923 2521 quae
947 2425 1123 2522 inspicere
1143 2421 1241 2496 haud

124 2537 252 2611 inutile
273 2539 436 2614 arbitror.
462 2544 502 2613 ln
524 2541 690 2638 catalogis
714 2543 810 2616 enim
832 2543 1052 2615 musicorum
1075 2539 1240 2614 certami-

126 2678 213 2727 num
230 2655 354 2728 nullus
374 2656 483 2730 victor
497 2658 652 2732 occurrit
667 2659 771 2756 cujus
785 2682 858 2732 non
877 2665 912 2732 et
933 2659 1053 2732 civitas
1070 2664 1105 2731 et
1118 2662 1240 2755 pater-

125 2794 212 2846 num
231 2795 364 2846 nomen
383 2772 546 2847 addatur.
571 2779 611 2846 ln
634 2775 677 2847 iis
695 2798 777 2848 vero
797 2776 909 2848 titulis
929 2776 991 2872 qui
1011 2775 1153 2872 proprie
1168 2772 1239 2846 col-

123 2886 298 2986 legiorum
322 2897 417 2977 sunt,
444 2891 472 2962 si
497 2890 640 2987 quando
664 2914 705 2964 ea
724 2894 857 2966 mentio
876 2893 1008 2965 omissa
1031 2890 1110 2976 snit,
1136 2887 1238 2962 facile

126 3027 179 3078 res
193 3006 351 3101 expediri
370 3013 497 3101 potest.
512 3010 649 3103 Nempe
669 3009 711 3097 si,
727 3009 764 3079 in
780 3007 930 3081 decretis
946 3006 1238 3102 Amphictiouum

127 3120 170 3194 de
190 3123 391 3195 Atticorum
406 3125 629 3197 scenicorum
646 3123 810 3221 collegio,
828 3125 942 3221 patria
955 3123 1151 3220 legatorum
1165 3145 1238 3195 non

127 3233 343 3335 defflgnatur,
370 3240 451 3318 satis
480 3247 623 3338 apparet
652 3263 712 3315 eos
744 3242 979 3315 Athenienses
1012 3240 1132 3315 luisse.
1166 3243 1238 3313 Nec

127 3355 238 3450 magis
266 3355 399 3428 mirum
431 3355 527 3452 quod
566 3360 741 3445 Issenses,
779 3359 817 3430 in
853 3357 1078 3432 recensendis
1104 3358 1148 3431 iis
1175 3358 1238 3454 qui

125 3471 326 3567 sumptibus
346 3474 418 3545 suis
439 3473 649 3569 spectandos
671 3475 726 3548 vel
753 3475 947 3549 audiendos
969 3476 1121 3549 artifices
1141 3499 1237 3572 prae-

124 3586 287 3678 buerant,
307 3588 520 3685 plerumque
536 3592 574 3664 in
593 3592 769 3688 peregrini
783 3593 923 3688 generis
935 3593 1084 3664 scenicis
1098 3594 1237 3689 paterni

125 3703 280 3776 nominis
300 3706 519 3778 mentionem
534 3708 781 3804 neglexerunt.
799 3711 850 3780 Ex
864 3730 935 3804 quo
949 3709 1178 3782 temerarium
1194 3709 1239 3781 sit

123 3819 299 3916 conjicere
328 3844 387 3895 eos
414 3822 619 3898 conditione
645 3824 751 3898 luisse
779 3848 852 3898 non
877 3825 1044 3921 ingenua.
1076 3825 1237 3922 Exempli

123 3958 240 4028 causa,
263 3937 301 4008 in
323 3934 396 4011 uuo
416 3939 519 4014 titulo
541 3940 747 4014 inscribitur
766 3939 1017 4015 Athenodorus
1037 3942 1234 4031 comoedus,

122 4053 196 4126 sine
216 4054 326 4150 patris
342 4056 488 4130 nomine
498 4083 508 4146 ;
533 4058 571 4129 in
589 4058 714 4148 altero,
738 4057 836 4130 idem
856 4058 955 4132 audit
978 4059 1174 4133 Heraclidae
1193 4060 1235 4132 li·

121 4167 190 4240 lius
205 4163 271 4265 (l).
293 4168 455 4267 Longum
485 4175 528 4245 sit
553 4196 612 4246 eos
640 4196 824 4247 recensere
848 4198 1003 4272 quorum
1031 4177 1163 4267 civitaS,
1200 4184 1236 4250 et

121 4290 310 4381 paternum
328 4310 472 4377 nornen,
490 4289 683 4386 aliquando
700 4292 806 4367 etiam
827 4292 960 4366 avitum
979 4316 1236 4368 commemora·

161 4539 204 4622 (l)
225 4543 268 4603 Le
283 4543 343 4606 Bas
357 4550 389 4606 et
403 4545 626 4627 Waddington,
641 4547 735 4611 laser.
751 4547 1005 4630 d'Asie·Miueare,
1020 4554 1080 4615 255
1095 4557 1127 4613 et
1141 4556 1211 4614 257.
