3120 5302
617 608 755 672 ..3-

128 749 166 820 in
182 746 364 820 sortitione
376 726 625 841 magistrorum
640 751 674 818 et
689 743 895 817 tibicinum!
910 764 991 839 quae
1002 764 1090 822 cura
1103 764 1148 816 ne
1163 741 1243 839 quis

127 864 349 962 peregrinus,
360 885 405 936 ne
417 862 497 958 quis
510 861 657 934 infamia
667 866 809 936 notatus
825 859 927 934 chori
943 858 1057 933 sactus
1069 860 1244 956 particeps

125 984 266 1078 impura
287 984 347 1054 aut
371 1002 444 1053 non
469 978 564 1052 civili
584 979 793 1075 contagione
821 977 898 1074 pios
917 974 1065 1050 civitatis
1090 976 1246 1051 honores

125 1097 401 1173 contaminaret!
422 1094 491 1169 Sed
513 1094 570 1167 his
589 1094 742 1182 omissis,
766 1094 811 1166 ad
834 1093 949 1189 majus
967 1090 1058 1165 illud
1083 1098 1118 1165 et
1134 1094 1246 1190 magis

125 1213 170 1288 ab
194 1212 468 1287 Atheniensium
496 1210 655 1285 moribus
679 1209 839 1284 alienum
862 1208 1003 1282 animus
1029 1209 1243 1283 advertatur.

127 1329 302 1426 Chorago
319 1333 472 1426 potestas
501 1327 726 1401 tribuebatur
750 1327 897 1401 idoneos
924 1350 944 1401 e
969 1325 1066 1400 tribu
1096 1326 1247 1424 eligendi

127 1468 216 1541 quos
229 1444 351 1533 vellet3
369 1446 399 1517 si
417 1444 497 1541 quis
507 1449 698 1534 recusaret,
716 1450 779 1517 aut
796 1444 1006 1533 mulctandi,
1023 1449 1084 1517 aut
1099 1443 1249 1541 pignora

127 1562 172 1636 ab
190 1585 232 1635 eo
256 1560 441 1636 auferendi
455 1559 524 1660 (1).
544 1562 650 1635 Pueri
674 1562 794 1649 etiam,
817 1558 962 1636 edomo
984 1561 1093 1658 patris
1113 1561 1245 1648 educti,

127 1679 166 1752 in
188 1675 335 1751 arbitrio
354 1677 497 1773 choragi
517 1675 749 1751 versabantur
770 1677 833 1775 qui
861 1700 920 1752 eos
944 1677 1040 1750 domi
1060 1676 1245 1767 attinebat,

129 1791 963 1890 dealimentis,depotionibus,quaeviderentur
976 1795 1248 1883 essesumenda,

127 1908 273 2008 jubebat
291 1907 357 2006 (t),
376 1909 511 2005 ingenti
526 1930 609 1983 sane
622 1911 763 2006 paterni
772 1910 864 2008 juris
882 1910 1108 1999 detrimento,
1127 1932 1241 2007 quum

47 2040 58 2061 ·
129 2026 168 2101 in
182 2025 337 2099 alienam
357 2023 507 2098 domum
528 2026 680 2123 migrare
695 2048 774 2099 eam
791 2032 930 2101 aetatem
950 2031 1129 2124 cogerent,
1144 2026 1247 2123 cujus

129 2143 223 2217 sama
241 2142 394 2217 maxime
414 2148 552 2239 poterat
569 2143 792 2242 periclitari(
820 2143 847 2243 ).

179 2263 221 2333 ln
235 2280 294 2334 eos
314 2261 429 2357 quiin
445 2261 609 2336 ducenda
628 2283 759 2359 pompa
774 2266 835 2335 aut
848 2260 887 2335 in
907 2256 1174 2335 committendis
1192 2283 1248 2333 sa·

131 2375 200 2450 cris
215 2375 469 2451 certaminibus
483 2376 617 2475 aliquid
631 2374 869 2474 deliquerant,
883 2400 957 2450 non
973 2378 1158 2452 communi
1167 2377 1249 2474 jure

130 2494 311 2591 agebatur,
341 2494 402 2566 sed
432 2517 564 2569 novum
587 2493 795 2591 questionis
815 2517 942 2592 genus,
969 2517 1059 2569 nova
1083 2494 1246 2583 crimina,

129 2634 229 2684 norm
253 2611 359 2684 etiam
386 2634 501 2707 poenae
530 2613 685 2686 indictae.
715 2612 866 2700 Etenim,
888 2609 1064 2709 Dionysiis
1085 2613 1248 2709 peractis,

130 2727 174 2801 dc
188 2749 250 2800 reo
269 2725 435 2823 suffragia
454 2726 590 2801 ferebat
608 2727 777 2825 populus,
795 2729 832 2800 in
855 2728 932 2824 ipso
948 2726 1075 2802 Bacchi
1099 2727 1246 2823 templo,

130 2843 168 2916 id
194 2848 247 2916 est
273 2841 423 2931 theatro,
455 2849 707 2947 congregatus3
733 2842 795 2916 ubi
824 2864 926 2916 reum
953 2841 1143 2939 deliquisse
1163 2865 1248 2939 pro-

130 2959 335 3032 nuntiatum
350 2957 477 3049 suerat,
497 2959 542 3031 ad
561 2965 697 3032 certum
719 2957 877 3032 tribunal
901 2980 957 3029 res
977 2956 1127 3046 redibat,
1148 2956 1246 3053 quod

127 3076 201 3173 jam
216 3075 260 3149 de
276 3074 351 3171 ipsa
365 3096 470 3171 poena
484 3076 695 3148 sententiam
715 3074 822 3149 ferret
838 3071 905 3172 (d).
923 3073 991 3159 Qui
1011 3074 1080 3148 hoc
1099 3075 1248 3148 actionis

130 3214 258 3290 genere
272 3189 451 3281 utebatur,
469 3191 499 3264 is
516 3215 587 3265 non
604 3187 793 3280 δικάζεσθαι,
816 3196 856 3263 ut
869 3191 908 3263 in
921 3192 1049 3293 ceteris
1067 3190 1246 3282 civilibus,

131 3309 205 3398 sed,
227 3308 371 3407 proprio
391 3307 564 3382 vocabulo
593 3307 816 3405 προὲἅλλεσθαι
839 3307 1024 3383 dicebatur
1039 3307 1104 3408 (5).
1124 3309 1190 3395 Qui
1211 3333 1247 3382 se

130 3425 237 3500 verbo
257 3432 319 3498 aut
336 3425 428 3499 lacto
447 3424 618 3499 violatum
638 3425 866 3522 querebatur,
890 3449 977 3518 non,
996 3431 1034 3498 ut
1057 3427 1096 3498 in
1115 3426 1249 3522 priuata

131 3541 206 3633 lite,
222 3540 362 3639 legibus
384 3562 465 3640 quae
494 3541 644 3615 deviet
665 3540 796 3616 damno
820 3541 900 3615 latae
922 3541 1074 3631 fuerant,
1097 3540 1160 3614 sed
1179 3565 1247 3637 pu-

132 3657 237 3749 blice,
264 3676 306 3732 ea
328 3658 405 3755 lege
428 3682 527 3732 sacra
547 3682 655 3754 quam
675 3657 908 3733 Athenienses
934 3656 978 3730 dc
1008 3679 1106 3731 sacro
1125 3678 1247 3732 manse

132 3774 300 3867 tulerant,
321 3764 472 3873 agebat(
500 3774 528 3874 ).

181 3896 268 3979 Quae
288 3893 435 3990 quidem
456 3892 524 3966 fuit
546 3898 619 3967 tam
639 3887 808 3970 horrendi
825 3890 991 3966 carminis
1013 3897 1054 3964 ut
1070 3890 1127 3967 vix
1141 3893 1247 3971 aude-

172 4139 214 4222 (t)
230 4139 379 4221 Antipho,
391 4140 490 4221 Super
499 4141 646 4216 ottocento,¹
656 4140 795 4220 tle-(b)
807 4138 956 4219 Antipho,
969 4133 1059 4216 leid,
1073 4141 1109 4201 ta
1123 4145 1155 4200 ct
1166 4159 1213 4221 sq.

172 4235 214 4316 (3)
234 4238 333 4315 Leges
348 4236 386 4296 de
406 4236 570 4315 disciplina
584 4253 767 4314 puerorum,
788 4233 979 4314 gravissimis
992 4232 1095 4313 poenis
1109 4234 1246 4314 adscrip-

132 4331 183 4408 tis,
198 4329 308 4392 retulit
321 4329 494 4407 AEschtnes,
511 4337 612 4391 contra
626 4320 783 4404 Timorotss,
797 4332 880 4392 9-17.

172 4423 217 4504 (l)
239 4424 414 4502 Demosth.,
428 4424 459 4485 ia
473 4421 607 4502 Midiom,
622 4428 689 4488 829.

174 4517 215 4598 (5)
238 4519 272 4578 El
288 4516 326 4598 μὴ
340 4519 529 4600 προῦὅαλόμην
543 4519 621 4580 αὐτὸν
634 4518 692 4579 ἀλλ’
706 4515 877 4597 ἐδικαζόμην.
891 4515 1052 4581 Demoslh.
1070 4514 1160 4596 Ibld„
1175 4519 1226 4580 26.-

174 4611 214 4692 (6)
235 4613 408 4689 Βεωοε(1(.,
425 4602 514 4694 Ibide,
528 4618 567 4678 98
581 4619 613 4676 et
627 4617 676 4678 35(
