3120 5302
718 560 876 616 ..44-

232 678 481 790 Apterensiu'm
501 692 642 765 decreto
663 693 830 765 additur:
861 721 876 759 6
893 692 928 765 Si
949 691 1028 787 quis
1047 701 1089 765 ex
1107 696 1237 787 1161666
1255 694 1349 765 Τ6116

229 811 399 909 injuriam
423 810 557 900 1666611,
578 809 837 905 teneaturlege
861 809 904 882 (16
924 807 1107 904 sacrilegio
1132 807 1194 906 (1).
1212 838 1228 875 o
1254 808 1349 880 Plu-

228 927 328 1000 ribus
346 951 423 999 rem
439 926 629 1024 explanant
647 925 755 1000 AEtoli
787 930 865 998 «Ne
885 925 991 999 liceat
1016 926 1186 1021 cuiquam
1209 924 1347 998 AEtelo-

229 1068 308 1117 rum
319 1052 379 1118 661
390 1068 513 1119 eorum
523 1046 583 1141 qui
595 1043 933 1118 AEteliamincelunt
951 1040 1089 1115 16616666
1103 1040 1345 1115 Τ6166661666

228 1161 289 1257 qui
303 1163 415 1233 Teum
440 1160 619 1245 16661661,
642 1184 685 1233 ex
703 1159 862 1256 quelibet
882 1158 960 1232 1666
980 1159 1154 1253 impetum
1181 1157 1342 1246 16616611;

228 1277 288 1349 sed
308 1277 332 1347 ii
348 1277 415 1349 tuti
433 1275 760 1349 6116616161166616
778 1275 821 1349 ab
838 1274 962 1348 AEtolis
979 1279 1014 1347 et
1028 1273 1072 1345 ab
1092 1273 1143 1345 616
1163 1275 1225 1370 qui
1244 1277 1347 1346 AEto-

227 1395 311 1468 liam
326 1394 500 1469 incolunt.
518 1396 553 1469 Si
568 1396 647 1492 quis
661 1417 743 1469 6666
761 1394 877 1468 1661661
892 1392 945 1465 661
957 1392 1051 1489 16666
1065 1391 1118 1464 661
1131 1414 1186 1466 666
1200 1415 1242 1466 ex
1257 1392 1345 1466 urbe

227 1518 288 1585 661
303 1534 396 1608 agre,
418 1535 498 1608 quae
519 1512 663 1608 quidem
688 1511 874 1585 manifesta
898 1517 1015 1596 erunt,
1041 1532 1082 1582 ea
1108 1514 1344 1606 recuperante

227 1634 403 1725 praeterat
422 1629 501 1702 6661
514 1651 653 1724 semper
668 1627 828 1723 synedri;
847 1628 890 1700 de
906 1628 1041 1700 1166666
1057 1649 1135 1721 quae
1150 1648 1223 1698 nen
1239 1633 1344 1700 erunt

227 1743 425 1831 6666116616,
444 1745 534 1818 66116
547 1744 728 1818 reddenda
742 1744 784 1816 sit
800 1741 871 1815 illis
885 1743 946 1838 qui
960 1742 1127 1839 injuriam
1139 1740 1352 1831 intulerint.

225 1862 316 1934 Teiis
337 1862 417 1935 (1616
433 1861 599 1934 facultate
617 1859 689 1932 litis
707 1858 937 1932 intendenda
953 1865 1117 1932 61661666
1130 1860 1211 1956 jure
1227 1883 1344 1956 perse-

226 1979 372 2074 quendi,
393 1978 697 2074 quemadmodum
712 1983 745 2050 61
762 1978 799 2049 16
816 1974 962 2049 scenicis
980 1975 1175 2049 artificibus
1189 1976 1267 2048 lieri
1286 1976 1342 2050 lex

225 2095 424 2168 AEtelerum
434 2093 537 2191 jubet
549 2093 614 2192 (1).
628 2122 644 2160 o
666 2094 729 2165 His
746 2091 881 2165 ultimis
894 2091 1010 2165 verbis
1018 2092 1255 2166 admonemur
1265 2094 1341 2190 jam

226 2225 330 2282 antea
345 2211 440 2283 idem
453 2211 543 2306 juris
563 2209 757 2283 artificibus
779 2233 987 2282 eoncessum
1006 2207 1112 2282 luisse
1138 2208 1235 2307 qued
1255 2215 1343 2284 tunc

225 2326 317 2398 Teiis
339 2326 558 2400 conceditur.
588 2330 627 2398 16
652 2326 746 2400 belle
766 2326 938 2421 quidhoc
956 2326 1079 2412 661661,
1106 2326 1188 2399 66116
1207 2328 1343 2423 666661-

227 2466 335 2515 cuum
351 2450 402 2516 est
413 2470 421 2531 ;
452 2444 485 2514 16
503 2467 603 2539 6666,
622 2444 825 2516 meminisse
844 2449 995 2539 6666161,
1017 2443 1160 2538 quando
1177 2441 1221 2515 lis
1239 2467 1340 2539 6666-

225 2560 328 2655 grino
344 2557 600 2646 intenderetur,
613 2558 680 2631 6161
692 2559 835 2631 licuisse
849 2558 996 2632 rebuset
1010 2560 1129 2649 666616,
1149 2557 1193 2631 (16
1209 2558 1341 2656 quibus

225 2675 395 2771 litigetur,
416 2675 532 2748 statim
553 2698 700 2747 manum
721 2676 878 2772 injicere.
896 2677 990 2760 Quas
1015 2674 1197 2762 vindicias,
1216 2675 1341 2748 adver-

226 2817 285 2865 sus
305 2799 468 2865 externos
488 2792 674 2888 legitimas,
702 2791 842 2864 sustulit
866 2791 978 2860 ἀσυλία
1001 2791 1127 2864 artifici
1160 2815 1338 2866 concessa.

225 2912 264 2980 16
286 2907 452 2981 omnibus
476 2909 584 3004 igitur
604 2906 816 3003 regionibus,
838 2930 893 2979 res
917 2929 996 2978 6666
1017 2914 1176 3002 66661666
1199 2917 1261 2982 661
1278 2911 1340 2984 ad-

223 3048 343 3096 versus
355 3031 572 3121 repetentem
588 3025 691 3110 tueri,
711 3032 880 3120 tauquam
897 3022 1142 3118 61666,661611;
1161 3026 1340 3122 adjutores

224 3140 330 3212 etiam
346 3140 472 3213 habuit
492 3143 715 3235 magistratus
731 3140 792 3235 qui
811 3141 849 3210 in
870 3162 1019 3211 munere
1039 3146 1152 3228 erant,
1169 3143 1336 3238 66166166,

221 3256 425 3350 quicunque
440 3254 616 3328 volebant.

271 3374 358 3457 Qum
374 3372 542 3444 securitas
565 3370 859 3465 Amphictienum
884 3370 1032 3444 decretis
1050 3372 1260 3447 confirmata
1287 3382 1339 3447 est

221 3495 255 3561 61
278 3487 441 3585 pluribus
463 3490 576 3561 verbis
595 3486 753 3561 definita.
783 3487 954 3560 Additum
977 3489 1082 3561 etiam
1104 3490 1139 3560 in
1162 3490 1274 3564 611666
1292 3516 1337 3564 66

221 3605 278 3678 661
298 3604 400 3678 116661
412 3603 563 3678 artifices
574 3627 638 3699 666
651 3605 797 3699 pignere
813 3605 964 3693 trahere,
983 3603 1127 3698 66661166
1144 3605 1211 3704 (3).
1234 3610 1337 3693 Quod

221 3720 365 3818 quidem
389 3745 408 3795 e
431 3745 520 3795 nova
541 3719 771 3816 collegiorum
799 3720 1022 3793 institutione
1048 3729 1187 3812 ortum;
1222 3747 1335 3820 quum

218 3839 315 3910 enim
335 3838 528 3912 sodalitatis
548 3838 694 3910 nomine
714 3859 799 3909 cum
818 3836 969 3909 urbibus
988 3845 1048 3909 aut
1069 3839 1212 3932 66166116
1234 3849 1336 3937 66616

218 3956 356 4044 fierent,
372 3957 571 4029 timendum
596 3954 661 4026 fuit
681 3977 740 4044 66,
755 3947 811 4026 ’116
841 3953 1009 4050 neglectis
1033 3955 1252 4047 66161616116,
1276 3965 1335 4030 661

217 4071 340 4144 artilex
361 4070 489 4167 aliquis
519 4070 729 4159 traheretur,
758 4076 817 4143 aut
838 4071 951 4165 ipsius
979 4093 1035 4143 res
1063 4081 1276 4169 raperentur
1297 4085 1334 4148 ut

217 4190 373 4285 pigneris
391 4188 470 4260 loco
488 4193 617 4260 essent.

257 4457 299 4536 (1)
321 4459 362 4516 Le
377 4456 435 4514 Bas
450 4461 481 4515 et
499 4455 721 4534 Waddingten‚
738 4455 833 4517 16666.
850 4457 1112 4537 d'Asr'e-Mr'aeere,
1129 4465 1179 4524 75.

258 4549 300 4628 (2)
321 4548 441 4624 Ibidem,
459 4552 508 4610 85.
524 4550 568 4610 Cf.
590 4552 639 4610 81.
654 4584 693 4597 -
705 4551 745 4631 (3)
766 4555 895 4613 Decreta
911 4554 1178 4633 Amphietienum,
1195 4558 1216 4619 l.
1234 4563 1283 4621 81.
