3120 5302
816 536 954 594 -2-

327 675 409 743 sunt
428 667 675 754 Athenienses,
701 666 776 762 qui,
799 666 837 739 in
862 665 1121 741 constituendis
1149 666 1192 739 iis
1220 690 1445 768 quaecunque

325 784 369 860 ad
398 785 564 881 Dionysia
588 781 807 882 spectabant,
832 785 962 858 omisso
992 785 1074 881 jure
1093 785 1276 858 communi
1302 792 1363 860 aut
1382 786 1446 861 de-

325 903 464 998 scriptis
483 901 580 975 novis
595 899 747 998 legibus,
764 899 906 975 civilem
923 899 1110 991 rationem,
1129 900 1185 975 dei
1199 903 1323 998 gratia,
1341 929 1444 1001 pror-

326 1041 386 1091 sus
403 1017 637 1092 inverterunt.

371 1137 490 1220 Quum
511 1131 640 1205 Bacchi
665 1131 761 1205 festis
782 1132 964 1206 universos
990 1130 1228 1213 civesadesse
1246 1141 1439 1230 oporteret,

322 1248 399 1346 lego
413 1247 609 1346 jubebatur
628 1244 751 1319 litibus
774 1248 1011 1345 supersederi,
1034 1248 1139 1322 vetito
1158 1270 1204 1323 ne
1223 1250 1316 1347 quis,
1336 1253 1442 1325 etiam

319 1365 456 1463 judicio
476 1364 598 1453 victor,
620 1362 771 1436 dilatum
793 1387 842 1436 aes
864 1364 1022 1438 alienum
1038 1365 1206 1461 exigeret,
1227 1366 1282 1440 vel
1302 1365 1439 1464 aliquid

322 1482 421 1557 aliud
439 1480 677 1579 prehenderet
694 1486 757 1554 aut
773 1482 806 1553 ri
823 1483 989 1557 auferret.
1121 1560 1124 1564 Α

376 1630 392 1668 «
412 1599 533 1687 Quum
552 1597 681 1672 Bacchi
700 1621 833 1696 pompa
847 1600 883 1672 in
904 1600 1017 1674 Piraeo
1032 1605 1083 1674 est
1099 1606 1135 1674 et
1154 1601 1308 1675 comoedi
1326 1606 1359 1676 et
1374 1609 1443 1678 tra·

321 1716 413 1814 gredi
435 1724 471 1789 et
486 1736 598 1810 quum
621 1714 760 1788 Lenaeis
780 1738 912 1812 pompa
938 1722 1044 1791 estet
1067 1717 1216 1815 tragoedi
1235 1725 1269 1793 et
1288 1721 1442 1794 comoedi

321 1839 355 1906 et
372 1852 484 1928 quum
504 1830 680 1926 Dionysiis
697 1829 845 1904 urbanis
865 1855 997 1928 pompa
1013 1839 1067 1916 est
1089 1840 1123 1906 et
1143 1836 1245 1930 pueri
1266 1842 1301 1909 et
1318 1860 1442 1910 comus

321 1955 359 2023 ct
376 1946 529 2022 comoedi
550 1953 585 2019 et
600 1946 750 2044 tragoedi
765 1954 800 2022 et
817 1948 1088 2046 Thargeliorum
1107 1951 1145 2023 in
1164 1975 1295 2047 pompa
1309 1960 1344 2025 et
1358 1977 1442 2026 cer-

319 2064 467 2151 tamine,
492 2086 537 2135 ne
552 2062 657 2136 liceat
673 2063 727 2136 rel
744 2065 893 2161 pignora
908 2063 961 2137 vel
978 2065 1175 2162 quidquam
1182 2067 1283 2163 quod
1299 2068 1342 2140 sit
1357 2068 1442 2143 alte·

319 2181 395 2255 rius
409 2203 548 2276 capere,
568 2202 614 2252 ne
636 2178 783 2252 illorum
803 2180 949 2276 quidem
967 2182 1029 2277 qui
1050 2183 1095 2255 ad
1110 2162 1212 2255 ⁸diem
1229 2207 1302 2258 non
1322 2183 1442 2259 solve-

320 2297 404 2386 rint,
424 2297 522 2369 hisce
536 2293 674 2368 diebus.
695 2298 741 2369 At
756 2296 786 2368 si
802 2299 882 2393 quis
902 2296 1034 2371 horum
1054 2298 1191 2395 aliquid
1207 2301 1438 2393 commiserit,

320 2415 352 2487 ei
375 2413 436 2510 qui
460 2435 583 2508 passus
606 2419 658 2485 est
679 2412 738 2509 jus
768 2419 842 2487 esto
869 2414 908 2487 in
928 2413 1034 2486 illum
1060 2413 1188 2512 agendi
1214 2421 1250 2489 et
1274 2418 1440 2491 adversus

256 2570 258 2576 ,
320 2528 425 2602 illum
437 2527 700 2601 accusationem
718 2525 897 2625 (προὸολάς)
913 2528 1065 2619 serendi,
1084 2536 1256 2627 tanquam
1267 2532 1457 2631 injuriam¹

320 2646 530 2735 facientem,
560 2645 598 2716 in
642 2644 813 2719 concione
852 2645 889 2717 in
933 2635 1009 2721 aede
1048 2645 1180 2720 bacchi
1213 2655 1437 2744 congregata,

319 2760 625 2861 quemadmodum
640 2756 684 2835 de
703 2760 831 2834 ceteris
849 2761 1021 2859 injuriam
1039 2760 1252 2837 facientibus
1267 2763 1438 2862 scriptum

320 2888 372 2956 est
388 2878 453 2979 (t).
475 2886 491 2948 i)

370 3003 449 3096 lpsa
468 2996 574 3071 etiam
599 2990 719 3068 civitas
742 3017 803 3070 eos
828 2995 890 3092 qui
912 2996 949 3068 in
971 3018 1111 3071 carcere
1139 2993 1299 3094 publicu,
1321 2995 1368 3074 ob
1391 3024 1438 3074 aes

319 3115 490 3205 alienum,
519 3112 649 3186 inclusi
666 3118 778 3202 erant,
798 3111 946 3186 vadibus
965 3114 1182 3201 constitutis,
1209 3114 1339 3189 horum
1363 3117 1439 3191 die-

319 3249 400 3305 rum
420 3230 545 3328 spatio,
565 3229 727 3302 emittere
753 3227 890 3303 solebat
913 3253 959 3303 ne
984 3231 1198 3328 cujusquam
1223 3233 1308 3305 civis
1335 3233 1435 3307 cultu

318 3348 406 3424 deus
421 3345 647 3422 fraudaretur
665 3343 678 3443 (
705 3344 734 3443 t.

367 3469 410 3540 ln
432 3463 549 3538 choris
570 3485 651 3536 uero
675 3458 913 3553 instituendis,
941 3462 1003 3559 qui
1030 3470 1193 3560 sumptus
1217 3463 1378 3538 tribuum
1402 3472 1435 3540 et

319 3583 573 3705 choragorpmt
603 3601 685 3676 quae
706 3576 837 3668 studia,
863 3577 1126 3675 magistratibus
1148 3578 1431 3677 inspicientibus,

354 3881 395 3965 tt)
416 3872 590 3958 Demostb,
608 3874 638 3939 in
651 3871 785 3954 Midian,
802 3880 850 3940 10.
869 3905 906 3922 -—
921 3873 958 3938 in
971 3876 1082 3937 eadem
1095 3875 1237 3937 oratione
1252 3868 1431 3957 exemplum

314 3977 491 4042 invenimus
513 3975 604 4056 (175).
625 3975 730 4047 Quum
748 3971 893 4033 Evander
912 3969 1041 4051 quidam
1060 3969 1243 4049 Menippum
1257 3971 1369 4032 (tarem
1384 3991 1432 4033 ao=

312 4076 398 4137 tione
409 4070 597 4136 mercatoria
607 4070 803 4142 damnatum,
820 4083 915 4148 quem
926 4065 1014 4146 prius
1024 4082 1181 4145 nusquam
1196 4065 1431 4144 apprehendere

312 4173 468 4251 potuerat,
484 4167 518 4227 in
534 4163 691 4245 mysteriis
705 4166 816 4223 nactus
831 4160 1024 4240 arripuisset,
1040 4158 1162 4219 delatus
1176 4158 1260 4236 apud
1276 4159 1429 4238 populum

310 4285 329 4326 a
344 4263 490 4344 Menippo
511 4264 611 4320 totam
625 4256 778 4318 mulctam
795 4252 870 4335 (duo
885 4251 1016 4332 talenta)
1032 4250 1193 4312 remittere
1208 4255 1333 4311 coactus
1347 4252 1429 4328 fuit,

310 4361 388 4441 quin
401 4359 496 4419 ctiam
509 4354 632 4434 judices
644 4351 805 4413 homiuem
826 4348 928 4428 capite
948 4347 1159 4420 damnassent,
1182 4345 1243 4408 nisi
1265 4353 1430 4407 accusator

309 4457 575 4630 dedditiiscidosth,
586 4549 689 4603 contro
699 4538 838 4615 Andron,
852 4532 1280 4612 68.-·Sclrol·.1)em0sth.,p.
1293 4537 1364 4612 ott,
1375 4536 1426 4597 23.
