3120 5302
777 522 817 540 ..
837 496 876 556 93
897 525 937 540 ..

296 636 374 704 tum
390 628 577 704 habemus.
597 627 665 713 Qui
684 650 756 701 non
775 628 850 724 jam
868 626 1007 723 collegii
1022 626 1246 724 magistratus
1273 624 1422 700 luerunt

298 748 360 821 sed
378 747 538 843 patroni3
563 767 680 842 neque
705 744 881 841 suffragiis
900 745 1077 817 artificum
1095 753 1128 817 et
1152 743 1299 818 arbitrio
1318 751 1424 817 erant
1526 795 1530 802 -

297 861 453 950 obnoxii,
483 861 545 934 sed
566 884 631 958 pro
657 884 807 934 munere
833 885 898 935 suo
919 867 951 934 et
974 885 1038 956 pro
1058 859 1239 957 dignitatis
1259 860 1423 934 auctori-

296 986 367 1054 tate
378 979 422 1051 de
434 977 595 1075 pecuniis
608 976 795 1074 erogandis
810 983 846 1050 et
856 978 899 1051 de
911 977 1006 1050 ludis
1019 975 1271 1051 decernebant.
1284 979 1423 1073 Nempe

297 1119 411 1195 quum
427 1092 613 1192 cujusdam
634 1094 745 1167 Flavii
767 1094 968 1190 Lysimachi
990 1093 1182 1168 constituta
1201 1099 1291 1167 esset
1309 1116 1422 1190 pecu·

297 1215 374 1305 nia,
398 1234 479 1309 qnae
504 1209 688 1285 cumulata
716 1212 834 1284 usuris
863 1234 1038 1285 novorum
1064 1211 1236 1285 ludorum
1263 1208 1423 1306 praemiis

297 1327 533 1406 decernendis
552 1328 744 1416 sufficeret,
768 1351 855 1402 cura
880 1328 997 1402 omnis
1021 1329 1072 1401 rei
1096 1327 1164 1400 luit
1185 1349 1293 1423 penes
1317 1325 1425 1422 logis-

296 1452 370 1520 ten.
393 1445 475 1533 Qui,
501 1443 741 1541 flagitantibus
761 1445 890 1540 saepius
911 1443 1107 1517 artificibus
1130 1450 1171 1516 nt
1197 1441 1342 1516 tandem
1361 1464 1424 1516 eos

296 1561 400 1636 ludos
415 1561 549 1647 ederet,
576 1559 758 1656 respondit
778 1561 942 1634 nondum
967 1561 1050 1634 satis
1070 1560 1242 1657 grandem
1258 1582 1334 1633 esse
1355 1582 1425 1656 pe-

296 1679 442 1752 cuniam
461 1674 526 1774 (l).
550 1676 710 1750 Alteram
726 1699 869 1773 quoque
885 1677 1020 1773 legistae
1040 1675 1226 1772 epistolam
1239 1683 1420 1764 tenemus,

298 1819 369 1894 qna
389 1794 511 1890 plnres
531 1792 635 1868 ludos
655 1817 675 1866 a
694 1794 838 1890 privatis
858 1795 1038 1867 institutos
1058 1792 1257 1866 secundum
1282 1792 1426 1866 donan-

297 1917 388 1988 tium
410 1912 631 1986 voluntatem
656 1911 815 2001 ordinat,
844 1913 1094 2008 agonothetam
1119 1911 1298 2008 designat,
1324 1918 1425 1987 tem-

296 2055 377 2130 pus,
400 2031 529 2105 seriem
549 2030 799 2116 certaminum,
829 2029 977 2125 praemia
999 2030 1130 2125 cuique
1151 2029 1334 2126 proposita
1360 2028 1424 2103 de·
1468 2086 1470 2091 a

296 2144 408 2246 finit(
435 2146 463 2246 l.

346 2263 466 2336 Altera
480 2285 523 2336 ex
540 2267 652 2358 parte,
675 2261 776 2335 nulla
796 2285 956 2358 unquam
976 2270 1060 2335 atas
1075 2261 1284 2359 ampliorem
1300 2263 1424 2337 locum

300 2380 524 2454 scenicorum
541 2379 727 2451 industriae
742 2378 909 2475 praebuit,
927 2390 987 2452 ant
1000 2380 1230 2476 praemiorum
1244 2380 1348 2476 copia
1357 2381 1426 2453 fuit

301 2496 464 2570 feracior.
487 2497 657 2591 Magnum
676 2495 773 2568 enim
799 2519 993 2568 nnmerum
1012 2495 1198 2585 ludorum,
1219 2496 1425 2570 Antonino-

300 2636 382 2688 rum
398 2618 515 2702 aetate,
532 2611 703 2684 exstitisse
722 2611 849 2685 docent
868 2613 976 2703 tituli,
993 2636 1067 2686 non
1081 2614 1119 2685 in
1137 2613 1273 2685 Graeeia
1290 2612 1422 2700 solum,

300 2728 361 2805 sed
376 2729 414 2801 in
429 2729 513 2802 Asia
532 2739 637 2824 atque
657 2728 763 2802 etiam
780 2729 890 2802 ltalia.
912 2730 1051 2813 Etenim
1074 2736 1203 2824 praeter
1216 2735 1354 2802 veteres
1369 2729 1427 2802 lu·

300 2848 364 2923 dos
391 2846 454 2944 qui
471 2845 526 2920 uel
549 2846 587 2917 in
612 2846 728 2942 parvis
755 2845 957 2919 civitatibus
980 2846 1255 2942 frequentissimi
1279 2869 1429 2944 perage-

300 2965 442 3051 bantur,
457 2962 624 3059 plurimae
641 2962 747 3035 nrbes
763 2962 993 3037 aemulatione
1013 2963 1178 3061 impulsa
1199 2987 1263 3036 sua
1283 2963 1423 3060 Pythia,

302 3104 365 3155 sua
387 3080 550 3175 Olympia
572 3076 753 3151 celebrare
779 3079 1006 3152 studuerunt.
1034 3083 1130 3152 Nova
1154 3103 1297 3177 quoque
1317 3082 1427 3155 series

301 3195 540 3272 certaminum
567 3195 604 3266 in
629 3195 804 3268 honorem
834 3197 1088 3291 imperatorum
1116 3198 1330 3271 constituta:
1348 3200 1425 3271 Au·

301 3320 436 3414 gustea,
455 3316 625 3400 Caesarea,
638 3310 821 3408 Trajanea,
840 3312 1047 3404 Hadriania,
1063 3312 1310 3403 Panhellenia,
1325 3313 1427 3388 Anti·

301 3456 403 3522 noea,
421 3438 489 3505 etc.
505 3430 635 3503 Privati
658 3454 800 3526 quoqne
819 3431 917 3504 haud
938 3433 1054 3528 pauci,
1080 3441 1119 3504 ut
1137 3431 1191 3503 sui
1211 3432 1425 3506 memoriam

301 3553 509 3647 perpetuam
531 3545 786 3641 relinquerent,
802 3568 947 3641 magnas
964 3547 1134 3642 pecunias
1147 3545 1191 3619 ad
1210 3545 1367 3643 agendos
1381 3548 1426 3623 de
1492 3601 1495 3608 -

302 3689 366 3740 sno
400 3663 546 3737 nomine
580 3660 703 3750 ludos,
740 3662 939 3735 civitatibus
975 3661 1231 3759 largiebantur.
1270 3666 1311 3736 ln
1354 3686 1427 3737 una

302 3781 635 3882 Aphrodisiensium
660 3779 748 3853 urbe
768 3781 927 3877 quinque
946 3779 1062 3871 ludos,
1087 3782 1284 3859 Commodo
1303 3783 1426 3880 impe-

302 3906 415 3988 rante,
438 3921 459 3971 a
480 3897 624 3994 privatis
643 3919 685 3970 eo
709 3895 816 3969 modo
838 3897 1018 3970 institutos
1040 3898 1242 3972 invenimus
1250 3924 1260 3988 ;
1283 3923 1426 3974 summa

301 4038 384 4091 vero
408 4015 511 4110 cnjus
535 4036 576 4087 ex
600 4012 730 4102 reditu,
762 4013 888 4108 quinto
916 4037 1059 4111 quoque
1090 4038 1196 4105 anno,
1228 4018 1426 4090 certamina

301 4130 558 4207 committenda
576 4128 722 4201 luerunt
741 4128 785 4202 ad
802 4135 946 4203 centum
971 4131 1115 4227 triginta
1137 4130 1262 4224 millia,
1277 4138 1425 4208 centum

341 4408 383 4489 (l)
409 4404 523 4486 Corpus
537 4406 622 4466 inser.
636 4425 697 4485 pr„
713 4408 800 4467 arti.

341 4503 381 4581 (ἓ)
402 4504 446 4563 Le
459 4501 519 4562 Bas
536 4506 568 4562 et
581 4500 807 4579 Waddington,
824 4499 916 4563 lusor.
932 4499 1188 4581 d'Asie·Mioeare,
1206 4506 1286 4569 icco
1300 4523 1327 4568 c.
