3120 5302
693 503 852 562 ..49-

218 635 364 723 luerint,
384 634 457 730 jam
480 615 724 728 supradocui.
752 634 868 707 Pretio
888 641 1007 707 tamen
1027 637 1092 709 erit
1108 631 1237 713 ¹audire
1258 662 1329 735 qua

217 751 377 823 oratione
391 749 557 822 adversus
572 751 728 822 lasenses
744 749 797 822 usi
814 748 946 823 luerint
963 752 1037 824 Teii
1054 752 1220 843 artificeS,
1242 778 1332 850 quo-

218 890 296 939 rum
317 864 424 938 verba
451 888 594 960 prorsus
623 876 706 937 sunt
722 864 908 940 ,beneficia
930 867 1042 965 magis
1068 868 1330 943 conferentium

218 1004 325 1077 quarn
356 981 567 1077 petentium.
609 980 692 1053 «Ut
723 984 877 1056 lasenses
901 1005 1045 1079 quoque
1074 984 1334 1081 populinostri

218 1095 379 1171 studium
398 1103 622 1193 compertum
646 1096 852 1170 habeantet
871 1120 979 1194 quarn
996 1122 1162 1196 geramus
1181 1100 1334 1175 benevo-

218 1210 364 1286 lentiam
392 1235 475 1308 erga
501 1213 634 1285 amicos
656 1211 877 1308 temporibus
901 1213 1169 1302 aduersissimis,
1200 1215 1335 1312 placuit

219 1327 300 1425 eligi
329 1327 461 1425 legatos
488 1329 562 1424 qui,
594 1336 781 1424 postquam
812 1333 928 1402 lasum
955 1332 1183 1426 pervenerint
1205 1340 1240 1405 et
1266 1333 1334 1406 hoc

220 1444 402 1518 decretum
414 1443 625 1541 praesidibus
635 1443 857 1519 reddiderint
867 1452 902 1518 et
916 1453 1079 1520 senatum
1089 1447 1337 1544 populumque

145 1576 148 1584 '
223 1560 388 1651 adierint,
411 1560 597 1634 declaratis
620 1560 818 1635 honoribus
843 1564 904 1659 qui
933 1563 1018 1660 ipsis
1037 1564 1168 1638 decreti
1195 1571 1279 1636 sunt
1304 1572 1338 1636 et

221 1685 393 1751 renovata
415 1677 543 1751 tradita
566 1700 586 1750 a
605 1675 764 1772 patribus
779 1687 904 1752 mutua
923 1681 1091 1767 amicitia,
1111 1680 1260 1754 inritent
1283 1683 1339 1752 la-

223 1817 341 1868 senses
363 1800 402 1866 ut
418 1793 591 1868 retineant
605 1816 683 1867 eam
700 1818 783 1891 erga
797 1794 988 1892 collegium
1009 1796 1233 1870 scenicorum
1249 1796 1340 1868 cari-

224 1917 332 1984 tatem
357 1933 498 1984 necnon
512 1919 666 2006 augeant
682 1911 875 1984 amicitiam
896 1912 1147 1987 conrenienter
1167 1911 1341 1987 traditaea

227 2023 387 2122 patribus
401 2024 654 2100 benevolentiae
668 2028 734 2122 (l).
756 2055 772 2094 a

276 2147 412 2238 ltaque,
434 2143 471 2214 in
495 2142 641 2239 agendis
659 2141 767 2232 ludis,
786 2143 938 2216 maxime
956 2143 1160 2217 consultum
1177 2145 1340 2218 scenico-

223 2282 305 2331 rum
329 2258 470 2330 honori.
502 2261 543 2328 ln
571 2256 726 2344 Soteriis‚
757 2279 883 2329 eorum
908 2256 1084 2347 sacerdm,
1116 2259 1217 2331 initio
1243 2258 1338 2332 tituli

225 2397 308 2447 cum
324 2373 495 2447 archonte
512 2372 681 2468 Delphico
697 2372 1101 2447 ethieromnemouibus
1115 2373 1335 2461 inscribitur,

225 2488 322 2562 unde
341 2489 381 2562 fit
400 2487 584 2586 probabile
608 2512 691 2562 eum
714 2490 808 2562 inter
833 2487 1001 2562 ludorum
1025 2490 1193 2586 praesides
1218 2491 1338 2564 locum

225 2605 436 2679 obtinuisse.
454 2608 533 2677 Non
552 2605 729 2679 minorem
744 2604 852 2679 luisse
866 2606 943 2702 ejus
957 2606 1132 2680 rationem
1147 2607 1183 2678 in
1198 2608 1340 2681 llusaeis

225 2720 502 2817 Thespiensibus
524 2719 628 2794 docet
647 2719 786 2810 titulus,
808 2721 864 2793 his
882 2722 1080 2794 novissimis
1099 2723 1202 2795 annis
1220 2746 1341 2819 reper-

226 2845 296 2910 tus.
325 2839 435 2935 Cujus
457 2838 613 2928 initium,
639 2838 809 2935 quoniam
833 2836 869 2909 id
887 2837 989 2910 aliter
1007 2846 1114 2933 atque
1133 2839 1261 2929 editor,
1283 2841 1340 2911 in-

227 2953 458 3049 telligendum
475 2961 576 3050 puto,
599 2952 829 3027 emendatum
847 2951 1034 3051 repetam(
1060 2954 1085 3048 ).

284 3101 298 3138 a
320 3073 470 3145 Xenone
484 3071 666 3158 archonte,
687 3069 901 3164 agonotheta
919 3069 1050 3140 iterum
1071 3067 1247 3143 Gleaeneto
1265 3069 1341 3143 lla-

227 3187 268 3260 sii
289 3185 377 3273 filio,
398 3185 577 3260 sacerdote
596 3190 778 3260 Musarum
802 3182 1023 3279 Polycratida
1045 3185 1223 3280 Eupba‘r'ni
1243 3185 1336 3277 filio,

164 3313 165 3318 ’
227 3303 403 3377 artificum
423 3326 503 3376 vero
521 3301 669 3399 firgiro,v
683 3301 798 3375 scriba
813 3299 1043 3396 Amphio-lida
1061 3301 1230 3377 Cleaeneti
1249 3303 1337 3392 filio,

230 3419 432 3516 pyrophoro
446 3417 624 3491 Gleaeneto
644 3417 739 3491 Dasii
754 3417 842 3504 filio,
860 3416 914 3488 illi
930 3417 967 3489 in
977 3420 1117 3491 Musaeis
1132 3419 1306 3492 vicerunt.
1320 3452 1337 3486 »

231 3536 298 3607 Hic
322 3536 418 3607 enirn
442 3534 596 3608 duorum
622 3534 846 3607 sacerdotum
872 3534 1006 3605 mentio
1033 3535 1124 3607 lacta
1148 3542 1221 3607 est:
1251 3560 1342 3607 unus

228 3653 408 3723 Musarum
428 3658 493 3738 est,
516 3648 767 3746 Polycratidas,
792 3649 1034 3744 Thespiensis3
1057 3649 1146 3721 alter
1164 3649 1340 3721 artificum

229 3768 347 3839 nescio
369 3768 471 3862 cujus
485 3766 638 3862 collegii,
656 3766 818 3863 Argivus.
843 3764 992 3837 Athenis
1011 3766 1202 3838 memoravi
1217 3768 1342 3862 praeci·

234 3872 340 3977 puam
360 3883 466 3955 luisse
489 3883 607 3955 sedern
627 3880 818 3955 sacerdotis
835 3879 965 3952 Bacchi
985 3879 1262 3967 Eleutherensis‚
1280 3883 1343 3978 qui

229 3999 373 4094 quidem
397 3998 559 4094 publicus
574 3997 735 4084 civitatis,
754 4020 825 4069 non
841 3996 1018 4069 artificum
1036 3995 1118 4082 luit;
1148 3996 1343 4091 imperato-

228 4137 310 4187 rum
328 4113 434 4188 modo
454 4122 556 4187 aetate
573 4119 710 4186 constat
733 4113 861 4208 positas
880 4111 987 4184 luisse
1006 4111 1167 4207 proprias
1187 4112 1344 4185 scenico-

269 4394 313 4479 (l)
335 4399 374 4458 Le
390 4395 450 4458 Bas
464 4403 497 4473 et
507 4394 731 4475 Waddington,
744 4392 838 4455 laser.
849 4392 1104 4468 d'Ase'e·rllrueur⁴e,
1120 4397 1188 4468 aar,
1202 4393 1223 4454 l.
1236 4398 1342 4457 att-35.

272 4491 314 4571 (2)
337 4491 522 4568 Decharme,
540 4490 731 4570 [compatione
745 4488 862 4550 tne'dites
874 4488 909 4549 cle
919 4489 948 4548 la
961 4488 1074 4561 Bc'ota'e,
1088 4492 1138 4548 26.

1187 4587 1205 4640 d
