3120 5302
696 491 855 552 ..60-

219 641 302 692 cum
325 643 398 695 suae
423 624 607 697 industriae
635 623 888 719 quaerenlium.
916 624 1053 719 Quippe
1081 645 1154 696 non
1182 623 1252 695 hoc
1280 627 1332 693 est

219 732 335 808 fredus
353 760 457 834 aequo
468 740 549 837 jure
565 739 815 834 disceptatum,
833 738 893 811 sed
910 737 1092 811 decretum
1108 738 1331 811 scenicorum

220 873 284 945 per
303 851 437 949 legatos
451 857 497 928 ad
520 860 676 928 lasenses
690 853 881 950 perfertur,
899 854 1082 927 sententiis
1100 853 1225 950 populi
1252 875 1333 924 san·

219 965 404 1063 ciendum3
434 969 530 1068 quod
550 968 664 1043 brevis
685 971 819 1042 mentio
842 969 959 1042 ultimi
980 992 1101 1042 versus
1123 969 1167 1042 ab
1187 967 1334 1042 laseusi-

220 1080 287 1154 bus
306 1091 422 1159 ratum
448 1086 555 1160 fuisse
580 1079 694 1159 docet.
723 1083 817 1158 lllud
845 1087 951 1158 etiam
975 1091 1098 1158 notatu
1122 1085 1285 1180 dignum,
1304 1083 1332 1154 si

220 1195 400 1274 defuerint
423 1203 587 1290 artifices,
612 1200 756 1274 nullum
783 1201 842 1296 jus
872 1202 1037 1275 adversus
1054 1224 1113 1274 eos
1133 1198 1334 1273 Iasensibus

219 1315 386 1406 concedi3
405 1318 575 1392 mulctam
590 1318 736 1415 quidem
755 1317 915 1413 irrogari,
935 1318 998 1391 sed
1012 1316 1056 1390 ab
1072 1317 1148 1412 ipso
1166 1315 1331 1410 collegio,

219 1442 253 1505 et
279 1455 356 1507 eam
380 1433 539 1521 Baccho,
566 1433 603 1506 id
628 1439 679 1505 est
699 1433 824 1505 aerario
851 1432 1011 1529 collegii,
1037 1428 1329 1505 consecrandam.

218 1550 337 1632 Quum
353 1548 390 1620 in
402 1551 563 1644 Corcyrae
575 1571 718 1644 quoque
731 1547 850 1620 tabula
863 1546 962 1620 nulla
973 1547 1178 1620 liatmentio
1189 1545 1332 1619 mulctae

220 1662 415 1737 artificibus
440 1662 631 1752 solvendae,
658 1663 686 1736 si
715 1661 882 1736 conducti
909 1667 1011 1758 pacto
1041 1685 1114 1735 non
1139 1661 1331 1747 stetissent,

217 1777 375 1874 profecto
402 1784 498 1874 patet
522 1778 679 1852 scenicos
706 1786 740 1851 et
766 1776 832 1850 sibi
861 1784 897 1850 et
922 1779 1046 1850 ceteris
1072 1777 1223 1872 majores
1243 1777 1333 1848 visos

219 1893 326 1967 fuisse
354 1918 463 1990 quam
494 1902 533 1966 ut
564 1892 655 1966 illud
685 1916 872 1991 poenarum
896 1917 1010 1990 genus
1036 1891 1155 1966 subire
1183 1891 1329 1964 vellent.

218 2007 309 2081 Ludi
328 2033 411 2083 vero
435 2010 582 2083 omnino
596 2011 763 2084 Teiorum
788 2009 935 2084 arbitrio
955 2009 1131 2107 permissi,
1154 2015 1259 2082 cauto
1283 2015 1332 2083 ta-

219 2149 303 2199 men
322 2133 362 2199 ut
383 2126 532 2200 civitatis
556 2125 693 2223 legibus
717 2124 1024 2222 obtemperarent;
1050 2133 1207 2199 ceterum
1232 2125 1332 2199 nulla

219 2243 370 2317 artifices
380 2243 534 2341 eligendi
548 2243 697 2317 facultas
713 2242 913 2316 lesensibus
934 2241 1033 2333 data,
1049 2243 1110 2317 sed
1124 2241 1149 2315 ii
1163 2239 1332 2316 audiendi

220 2381 452 2456 quoscunque
473 2359 662 2456 collegium
680 2357 942 2455 designavisset.

271 2476 362 2548 Ludi
382 2481 515 2562 tamen,
538 2476 615 2570 ejus
636 2475 726 2571 pacti
749 2476 872 2571 gratia,
892 2481 927 2546 et
944 2473 1148 2572 diligentius
1166 2481 1199 2548 et
1214 2473 1334 2571 splen-

220 2590 337 2665 didius
358 2591 491 2688 peracti
514 2597 609 2663 sunt.
632 2591 751 2677 (1111111
772 2591 866 2664 enim
888 2591 987 2686 prius
1002 2591 1074 2664 duo
1092 2590 1146 2664 vel
1166 2596 1238 2663 tres
1254 2613 1335 2663 sce-

219 2707 289 2780 nici
312 2708 514 2804 achoragis
535 2706 703 2780 conducti
720 2706 1016 2803 producerentur,
1040 2714 1124 2780 tunc
1144 2707 1335 2803 quotannis

220 2824 291 2898 duo
312 2824 473 2898 tibicines
493 2824 612 2897 choris
633 2822 797 2896 civilibus
812 2822 983 2896 efflabant
999 2829 1033 2896 et
1048 2823 1115 2919 ipsi
1137 2821 1331 2910 canebant;

218 2941 341 3037 tragici
363 2946 398 3013 et
424 2941 552 3014 comici
579 2938 650 3012 duo
673 2963 796 3035 greges
816 2939 1029 3038 (primarum
1055 2941 1151 3012 enim
1179 2939 1332 3035 partium

218 3069 315 3129 actor
334 3056 430 3129 solus
454 3054 689 3152 nominatur),
714 3056 930 3138 citharoedus
949 3062 984 3129 et
1004 3055 1184 3128 citharista
1204 3057 1242 3128 in
1260 3077 1334 3128 sce·

219 3195 301 3243 nam
313 3170 517 3266 prodibant,
531 3171 579 3243 ita
591 3176 630 3242 ut
641 3171 716 3267 jam
728 3170 802 3245 fere
812 3169 913 3244 nullo
929 3171 1149 3243 musicorum
1164 3169 1333 3243 ludorum

219 3310 346 3384 genere
361 3293 493 3361 careret
512 3287 644 3358 civitas.

269 3401 361 3472 Hinc
384 3422 526 3496 quoque
551 3401 588 3471 in
612 3399 843 3473 conficiendis
862 3400 1011 3474 scenicis
1030 3400 1219 3473 annalibus
1243 3408 1278 3475 et
1298 3401 1334 3473 in

218 3515 541 3590 commemorandis
568 3515 814 3613 largitionibus
849 3539 939 3589 nova
971 3517 1060 3590 ratio
1092 3519 1195 3614 cujus
1219 3540 1333 3590 unum

219 3630 423 3727 exemplum
443 3630 599 3704 emultis
618 3630 818 3726 subjiciam.

273 3777 290 3815 a
309 3746 601 3842 Stephanephoro
625 3745 801 3842 Apollinis
824 3754 902 3842 post
923 3748 1142 3843 Antigonum
1165 3749 1334 3845 Antigoni

220 3862 350 3950 lilium,
371 3861 584 3958 agonotheta
598 3858 784 3933 Theodoro
803 3861 1025 3949 Melanionis,
1042 3861 1131 3952 filio,
1150 3884 1193 3935 ex
1207 3863 1259 3936 eis
1274 3862 1334 3959 qui

220 3979 319 4075 prius
345 3977 580 4074 promiserant
606 3976 644 4048 in
672 3977 867 4070 Dionysiis,
889 3978 1071 4050 solverunt
1088 4002 1096 4050 :
1112 3979 1335 4074 Agonotheta

221 4095 437 4169 Mnesitheus
460 4090 693 4179 Athenodori,
725 4097 852 4164 natura
876 4115 970 4180 vero,
994 4091 1192 4167 Menedemi
1215 4093 1331 4181 lilius;

220 4212 378 4307 choragi,
405 4210 635 4283 Menedemus
653 4209 876 4297 Menecratis,
897 4209 1119 4306 Theophilus
1141 4211 1331 4307 Anaxippi,

222 4327 408 4422 Dionysius
427 4318 596 4419 Menippi,
614 4325 827 4398 Menotimus
845 4323 1011 4415 Podonis,
1035 4326 1186 4421 quisque
1202 4327 1333 4398 ducen-

220 4448 272 4515 tas
287 4440 493 4527 drachmas3
508 4462 550 4513 en
564 4438 764 4535 inquilinis,
783 4439 982 4533 Agathinus
997 4439 1139 4513 Leontis
1153 4443 1332 4535 Apamen-
