3120 5302
714 539 875 606 ...34-

235 679 364 755 scenici
385 702 498 752 unum
516 679 607 753 diem
630 675 815 752 solennem
838 677 1081 768 instituerunt,
1107 677 1170 773 qui
1198 675 1255 750 dei
1276 674 1351 748 dies

233 798 376 895 proprie
414 796 590 870 diceretur
624 793 698 892 (l);
736 795 774 866 in
808 795 960 882 theatro,
994 814 1125 891 pompa
1153 791 1351 866 ducebatur

233 920 335 1010 cujus
350 912 484 986 mentio
497 911 547 985 ita
559 911 599 983 fit
613 917 652 984 ut
671 910 771 1006 parvi
786 910 893 982 fuisse
908 933 964 982 res
979 909 1055 1005 ipsa
1076 908 1217 982 scenica
1231 909 1348 982 videa-

231 1040 291 1104 tur
311 1053 384 1125 prae
409 1050 639 1101 curararum
661 1024 938 1117 divinaromttt.
964 1027 1122 1121 Repetite
1138 1025 1259 1115 etiam,
1292 1048 1345 1096 se-

232 1144 393 1218 cundum
416 1143 556 1239 collegii
570 1142 679 1240 leges,
698 1165 842 1240 quoque
858 1165 992 1228 mense,
1012 1142 1159 1216 nomine
1170 1141 1346 1215 artificum

231 1261 401 1335 sacrificia
426 1258 493 1357 (3).
514 1260 655 1333 Pietatis
677 1259 937 1333 documentum
959 1258 1028 1331 fuit
1041 1258 1192 1356 insigne,
1219 1259 1247 1331 si
1270 1258 1349 1353 quis

229 1380 393 1452 scenicus
411 1379 448 1452 in
467 1375 720 1452 certaminibus
738 1377 850 1452 victor
869 1399 1036 1474 personas
1062 1383 1097 1450 et
1121 1398 1272 1451 coronas
1289 1373 1347 1450 de·

230 1491 389 1591 dicaret(
417 1492 444 1591 l.

226 1667 229 1674 .
275 1615 355 1684 Non
374 1632 459 1684 vero
479 1609 554 1684 sola
572 1611 702 1684 Bacchi
719 1597 891 1707 religione
912 1612 1117 1686 continetur
1135 1610 1213 1683 haec
1233 1609 1346 1683 artili-

228 1753 311 1802 cum
332 1728 457 1824 pietas,
483 1726 543 1800 scd
572 1726 705 1800 adalia
726 1729 1043 1824 quoquenumina
1070 1750 1107 1802 se
1130 1728 1249 1816 vertit,
1274 1750 1347 1800 non

225 1845 287 1920 illa
302 1844 489 1941 peregrina
501 1851 536 1916 et
549 1844 704 1917 externis
719 1844 1031 1940 superstitionibus
1053 1844 1216 1935 colenda,
1230 1842 1291 1918 sed
1304 1843 1347 1918 ad

226 1963 309 2037 deos
325 1985 406 2034 vere
422 1959 565 2033 Graecos
583 1967 616 2034 et
637 1961 751 2056 patrio
766 1961 930 2033 omniurn
950 1961 1132 2035 civitatum
1151 1961 1248 2034 cultu
1265 1984 1346 2058 pro·

225 2076 438 2175 sequendos.
456 2075 638 2149 Laudatur
658 2076 731 2150 Teii
757 2075 897 2173 collegii
918 2076 1080 2151 sacerdos
1106 2076 1152 2151 ob
1176 2078 1348 2151 sacrificia

224 2191 317 2268 bene
332 2190 568 2288 etsplendide
593 2198 626 2265 et
647 2189 752 2288 digne
776 2191 926 2289 collegio
950 2201 1091 2289 peracta
1114 2216 1187 2267 non
1207 2193 1345 2266 Baccho

230 2311 361 2400 solum,
383 2308 444 2385 sed
469 2309 578 2383 Musis
602 2332 745 2405 quoque
767 2316 802 2382 et
825 2309 985 2405 Apollini
1005 2310 1129 2406 Pythio
1151 2309 1346 2407 ceterisque

225 2426 333 2525 deis(
361 2426 387 2525 )
1180 2525 1181 2528 Ἴ
1314 2480 1321 2505 1

272 2544 365 2630 Quin
394 2541 693 2632 etiamnullum,
723 2542 863 2638 pietatis
891 2565 1010 2632 causa,
1040 2549 1183 2618 externa
1210 2542 1346 2640 templa

225 2659 384 2748 adibant,
408 2684 449 2733 ea
469 2659 623 2733 maxime
642 2683 722 2756 quae
744 2668 966 2735 sacrosancta
989 2663 1239 2758 mysteriorum
1259 2662 1342 2738 reli·

225 2778 329 2875 gione
343 2777 597 2851 inclaruerunt.
620 2779 739 2862 Quum
754 2779 851 2851 enim
874 2778 912 2850 in
936 2802 1115 2853 marmore
1137 2779 1344 2854 Samothra-

225 2895 280 2968 cic
301 2917 417 2990 nuper
438 2892 578 2982 effosso,
600 2894 748 2967 nomina
767 2895 989 2983 theororum,
1013 2894 1049 2968 id
1070 2902 1123 2970 est
1146 2895 1342 2992 legatorum

223 3033 426 3097 sacrorum,
462 3009 524 3105 qui
555 3033 576 3081 a
607 3010 738 3083 Grecis
771 3010 971 3085 civitatibus
1001 3011 1046 3084 ad
1077 3013 1342 3087 venerationem

224 3129 437 3223 Magnorum
455 3129 609 3198 Deorum
628 3126 874 3217 mittebantur,
893 3130 1131 3223 proferantur,
1150 3136 1344 3204 occurrunt

226 3243 344 3315 theori
360 3266 381 3316 a
395 3241 546 3337 collegio
570 3243 675 3315 tuniae
694 3251 728 3317 et
750 3243 971 3341 Hellesponti
992 3245 1136 3341 publice
1156 3248 1254 3320 missi
1275 3246 1287 3345 (
1313 3247 1339 3343 l.

225 3357 408 3448 Andaniae,
427 3359 505 3455 lege
525 3357 749 3454 jubebantur
777 3361 841 3433 viri
868 3362 913 3434 ad
936 3363 1160 3458 procuranda
1180 3362 1343 3460 mysteria

225 3473 398 3570 designati
418 3475 609 3570 quotannis
628 3498 670 3548 ex
695 3475 890 3549 artificibus
905 3477 1070 3551 tibicines
1087 3490 1122 3552 et
1143 3478 1343 3552 citharistas

225 3588 467 3684 prescribere,
501 3591 609 3663 sacris
639 3596 674 3665 et
701 3592 875 3686 mysteriis
908 3616 1052 3688 operam
1079 3592 1237 3668 daturos.
1275 3593 1341 3680 Qui

264 3785 308 3868 (l)
330 3787 475 3863 Foueart,
494 3784 591 3848 {tecue
604 3787 748 3863 credent„
765 3791 854 3865 tato,
870 3793 894 3849 t.
911 3787 948 3863 11,
964 3809 995 3872 p.
1012 3794 1082 3870 tot,
1095 3790 1118 3854 1.
1131 3795 1182 3855 32.

265 3885 304 3962 (2)
333 3882 446 3962 Corpus
463 3881 551 3942 tusa.
565 3902 627 3962 pr„
643 3885 734 3960 3067,
750 3882 773 3945 l.
788 3886 827 3944 23
839 3889 871 3944 et
885 3903 949 3964 seq.

263 3976 306 4054 (3)
328 3977 472 4051 Foueart‚
490 3973 571 4036 titul.
585 3975 711 4050 laudat,
727 3975 748 4038 l.
765 3979 815 4038 13.

261 4069 304 4150 (l)
324 4072 367 4130 Le
381 4071 442 4130 Ras
456 4075 487 4129 et
503 4069 730 4149 Waddington,
750 4070 845 4131 laser.
867 4068 1121 4151 d'Asie-Miueure,
1138 4077 1188 4138 92.
1199 4077 1342 4138 -Doro

220 4163 313 4224 theus
328 4163 455 4225 Sosiclis
469 4163 564 4240 filius,
580 4163 750 4226 Thebanus
768 4165 897 4243 tibicen,
913 4162 951 4227 ln
963 4168 1030 4230 aede
1048 4169 1163 4230 Bacchi
1181 4176 1342 4233 consecrat

219 4258 391 4338 capistrum
414 4262 446 4318 et
464 4257 558 4317 tibias
582 4276 655 4320 eum
683 4259 878 4322 dedicatione
900 4260 986 4323 haud
1007 4262 1186 4325 invenusta
1211 4263 1337 4326 Anthol.

217 4352 315 4431 palat.
334 4350 469 4432 Appeud.
483 4355 513 4412 7.

257 4445 300 4526 (5)
326 4445 438 4525 Corpus
451 4444 538 4506 inser.
552 4465 613 4526 pru,
631 4446 721 4522 3067,
738 4443 760 4507 l.
778 4449 877 4508 tn-tt.

260 4539 301 4618 (e)
323 4541 435 4614 Gonze,
452 4539 541 4600 Reise
556 4540 613 4600 auf
621 4538 794 4604 denlnseln
810 4542 864 4604 des
876 4539 1233 4621 Thrakisobenbleeres,
1246 4563 1278 4626 p.
1289 4545 1337 4608 65.-
