3120 5302
707 477 846 534 ...8.-

218 606 422 704 regionibus
444 608 489 680 ad
517 614 655 705 tempus
676 611 912 683 certaminum
936 613 1044 682 Teum
1066 610 1236 683 adeuntes
1254 631 1335 682 cen-

218 727 301 818 suit,
329 748 434 820 praua
456 746 538 796 sane
562 725 849 822 interpretatione
864 725 930 824 (l).
945 726 1010 800 Vix
1034 727 1130 799 enim
1160 725 1335 821 intelligas

218 838 399 936 quomodo
421 837 585 909 homines
605 837 648 911 ad
669 839 774 912 breue
795 846 937 935 tempus
955 841 1067 912 coacti
1081 830 1236 912 honores
1254 863 1334 935 per·

217 960 343 1053 petuas
364 954 556 1026 decernere
576 955 770 1049 potuerint.
793 954 893 1028 Adde
913 955 1011 1051 quod
1027 954 1072 1027 ad
1091 955 1169 1027 haec
1184 954 1273 1027 festa
1292 978 1336 1026 ex

218 1071 296 1144 aliis
309 1067 507 1143 civitatibus
522 1079 763 1144 convenerunt
774 1094 847 1144 non
863 1070 993 1166 singuli
1008 1069 1173 1161 artifices
1187 1070 1246 1144 sed
1257 1070 1336 1142 uni·

217 1209 317 1259 versa
331 1185 490 1281 collegia,
508 1192 548 1257 ut
568 1185 686 1258 videre
706 1193 758 1258 est
781 1187 817 1258 in
840 1185 983 1259 decreto
1000 1185 1138 1282 collegii
1158 1186 1336 1259 artificum

217 1326 260 1377 ex
277 1302 410 1374 lsthmo
430 1309 463 1374 et
483 1299 614 1374 Nemea
635 1301 699 1400 (2).
725 1300 863 1376 Meliori
887 1303 1070 1376 sententiae
1086 1303 1175 1375 viam
1199 1303 1336 1398 aperuit

219 1417 344 1490 titulus
373 1419 533 1504 lasensiS‚
559 1419 595 1489 in
624 1441 695 1513 quo
719 1441 812 1490 unus
834 1418 1057 1513 synagonista
1079 1418 1232 1514 tragicus
1254 1440 1336 1489 cum

220 1538 323 1628 poeta
339 1538 372 1628 et
390 1533 527 1604 musico
544 1531 587 1604 ab
604 1532 800 1606 artificibus
812 1532 904 1605 Teiis
923 1531 966 1604 ad
987 1531 1165 1628 agendum
1182 1531 1226 1605 de
1240 1555 1339 1605 com-

220 1647 390 1720 munibus
405 1646 512 1721 rebus
528 1647 662 1744 legatus
674 1649 838 1720 mittitur.
857 1647 961 1733 Quod
974 1647 1159 1721 manifeste
1173 1647 1249 1720 lieri
1264 1670 1337 1719 non
1423 1637 1428 1647 ‘

219 1763 334 1863 potuit
353 1764 422 1835 nisi
440 1772 475 1837 et
494 1764 568 1859 ipse
587 1772 665 1836 tum
686 1765 863 1859 particeps
885 1767 975 1837 esset
999 1769 1033 1836 et
1051 1768 1172 1858 postea
1195 1763 1337 1835 futurus

221 1887 309 1954 esset
327 1879 477 1976 collegii.
500 1879 603 1952 Unde
621 1879 814 1953 verisimile
828 1879 969 1952 videtur
983 1880 1225 1975 synagonistas
1245 1877 1336 1950 nihil

221 1995 318 2070 aliud
336 2019 534 2091 essequam
556 2003 690 2070 actores
712 1997 862 2092 tragicos
880 2001 917 2069 et
937 1995 1105 2086 comicoS,
1123 1995 1253 2068 scenici
1272 2017 1337 2089 po-

222 2114 298 2211 puli
314 2115 414 2210 quasi
431 2121 586 2211 gentem.
611 2118 683 2188 Hos
702 2139 827 2188 omnes
847 2115 1086 2188 communiter
1100 2114 1143 2187 de
1164 2114 1271 2187 rebus
1292 2116 1338 2186 ad

222 2231 426 2303 universum
443 2229 632 2326 collegium
657 2231 898 2326 spectantibus
918 2229 1138 2304 consuluisse
1161 2230 1255 2302 idom
1275 2229 1339 2302 do-

224 2346 416 2420 cettitulus
430 2344 494 2445 (3).
509 2347 749 2420 Adulterarum
766 2371 921 2443 quorum
942 2368 1086 2443 quoque
1107 2350 1339 2419 monumenta

222 2469 427 2557 supersunt,
451 2460 594 2534 nullum
616 2462 682 2534 luit
701 2463 798 2537 aliud
819 2463 1009 2561 collegium
1034 2461 1100 2560 (l).
1125 2463 1236 2536 lidem
1256 2471 1339 2534 sunt

223 2576 283 2672 qui
300 2577 452 2649 artifices
471 2581 578 2674 supra
601 2580 801 2667 memorati,
820 2580 879 2653 sed
895 2587 1077 2674 assumpto
1094 2580 1190 2675 regio
1206 2601 1335 2674 cogno·

223 2693 333 2780 mine,
354 2693 470 2767 Attalo
498 2696 646 2791 gratiam
674 2695 719 2769 ob
748 2694 921 2769 beneficia
949 2695 1080 2768 referre
1108 2695 1337 2786 studuerunt,

223 2831 363 2881 necnon
388 2808 486 2882 illius
510 2812 706 2907 patrocinio
726 2835 783 2886 res
806 2835 885 2885 suas
910 2834 1050 2907 augere.
1073 2812 1174 2895 erod
1194 2812 1340 2907 quidem

223 2923 439 2997 vocabulum
462 2949 533 3000 non
557 2926 690 3000 diutius
714 2950 822 3025 quam
850 2927 957 3000 Attali
979 2949 1128 3022 regnum
1145 2928 1340 3023 permansit

224 3045 258 3110 et
272 3040 429 3135 priscum
445 3065 577 3115 nornen
592 3067 716 3116 rursus
728 3049 951 3139 assumptum
971 3041 1078 3113 fuisse
1097 3042 1340 3115 demonstrant

225 3156 358 3253 lapides
373 3161 485 3232 aetatis
507 3162 743 3257 imperatoria
764 3160 832 3259 (5).

275 3275 377 3346 Haud
393 3298 522 3371 paucas
535 3276 644 3372 hujus
655 3276 794 3372 collegii
810 3275 1038 3372 migrationes
1052 3277 1342 3349 commemoravit

226 3389 363 3464 Strabo.
391 3392 559 3466 «Deinde
580 3392 804 3465 Lebedus...
836 3391 888 3464 lbi
916 3391 1140 3464 scenicorum
1164 3390 1340 3464 artificum

226 3514 421 3579 conventus
439 3515 473 3580 et
491 3507 715 3581 domicilium
736 3516 800 3597 cst,
819 3509 881 3604 qui
901 3509 937 3579 in
960 3508 1057 3580 lonia
1072 3513 1154 3579 sunt
1169 3531 1282 3604 usque
1297 3507 1340 3581 ad

227 3623 518 3720 Hellespontum;
540 3625 600 3699 hic
618 3626 776 3699 solennis
790 3631 986 3698 conventus
1001 3629 1034 3698 et
1049 3624 1242 3698 certamina
1256 3649 1344 3721 quo-

228 3739 344 3810 tannis
361 3739 397 3811 in
413 3740 588 3814 honorem
608 3741 738 3814 Bacchi
755 3745 988 3838 peraguntur.
1010 3743 1097 3813 Teos
1112 3741 1272 3835 proxima
1294 3745 1345 3814 lo-

228 3855 297 3926 niae
319 3855 403 3928 urbs
419 3861 502 3929 ante
521 3857 635 3930 luerat
651 3881 778 3931 eorum
795 3859 916 3946 sedes;
935 3857 1010 3945 sed,
1029 3878 1140 3953 quum
1163 3855 1344 3930 incidisset

229 3972 369 4063 seditio,
394 3974 575 4070 Ephesum
605 3975 854 4073 confugerunt.
889 3978 1007 4061 Quum
1026 3997 1106 4048 uero
1130 3972 1270 4046 Attalus
1285 3998 1344 4049 eos

268 4184 310 4264 (l)
335 4185 549 4267 deportarer.
564 4210 623 4270 qn,
638 4194 716 4254 3068
733 4191 760 4251 b.
772 4226 813 4237 -
826 4191 866 4271 (2)
883 4191 996 4271 Corpus
1010 4190 1097 4249 inser.
1112 4208 1173 4268 pn,
1192 4191 1270 4252 3068
1284 4210 1309 4251 c.

270 4281 309 4354 (3)
332 4282 374 4339 Le
388 4283 448 4341 Bas
460 4289 491 4343 et
502 4285 727 4364 Waddington‚
744 4284 839 4348 Inter.
856 4283 1109 4360 dAst‘e·Miueare‚
1126 4286 1195 4344 281.

270 4373 311 4452 (l)
335 4372 449 4453 Corpus
462 4376 549 4438 inser.
568 4397 629 4457 qr„
646 4381 734 4456 3009,
752 4382 840 4456 3070,
857 4381 947 4440 3071.

269 4468 311 4544 (5)
334 4466 448 4549 Corpus
462 4470 549 4534 inser.
565 4491 625 4550 pr„
642 4475 732 4550 3080,
747 4476 838 4535 2933.
