3120 5302
696 525 854 586 -67-

218 655 541 752 Themistoclesque
563 655 699 753 aliquot
718 665 800 733 ante
818 681 943 747 annos,
964 681 1076 755 quum
1092 658 1129 729 iu
1144 656 1259 752 epulis
1278 678 1335 728 re·

218 782 359 846 cusaret
377 772 503 871 lyram,
527 780 580 847 est
602 773 746 848 habitus
769 775 946 849 indoctior
966 772 1032 872 (1).
1050 803 1066 842 »
1097 773 1230 846 Eadem
1250 773 1334 846 artis

220 892 467 982 aestimatione,
483 892 678 967 Meneclem
693 894 886 989 quemdam
901 893 1027 966 Teium
1045 892 1219 990 legatione
1233 891 1336 964 func·

219 1017 296 1083 tum
314 1008 548 1083 laudaverunt
567 1010 703 1083 Cnossii
720 1040 738 1077 «
753 1010 850 1107 quod
863 1011 961 1084 haud
977 1010 1087 1084 semel
1101 1007 1147 1081 ad
1164 1009 1335 1081 citharam

219 1148 340 1198 versus
352 1125 530 1198 Timothei
541 1133 576 1198 et
588 1124 721 1221 Polyidi
735 1149 876 1200 necnon
889 1135 1094 1200 nostrorum
1106 1125 1335 1222 antiquorum

222 1249 359 1332 vatum,
384 1241 474 1316 bene
496 1249 530 1317 et
547 1249 585 1315 ut
605 1242 752 1317 decebat
775 1245 891 1317 virum
911 1244 1112 1333 eruditum,
1136 1245 1173 1316 in
1191 1240 1336 1338 publico

223 1358 409 1432 cecinisset
436 1364 527 1447 (2)».
557 1361 654 1430 Actae
681 1359 788 1433 etiam
812 1359 904 1432 Teiis
925 1360 1048 1456 gratiae
1068 1359 1130 1456 qui
1153 1358 1260 1432 talem
1284 1357 1338 1429 ri-

225 1499 304 1548 rum
314 1476 505 1549 misissent.
520 1479 635 1561 Quem
649 1476 845 1550 Meneclem
860 1478 889 1550 si
902 1478 985 1551 Teio
997 1476 1149 1572 collegio
1162 1476 1339 1572 assignare

225 1580 300 1666 uon
315 1591 431 1681 liceat,
451 1616 523 1666 non
538 1592 697 1665 alienum
713 1600 807 1667 certe
819 1616 840 1667 a
852 1593 1074 1667 scenicorum
1089 1591 1268 1666 artibuset
1280 1615 1341 1666 eo-

226 1733 306 1781 rum
328 1710 542 1782 commercio
563 1708 606 1782 ad
623 1733 665 1783 ea
684 1708 800 1783 studia
816 1710 1008 1784 formatum
1030 1709 1139 1782 fuisse
1158 1709 1335 1805 conjicias.

275 1826 314 1897 ld
333 1826 473 1899 artificii
493 1849 606 1922 genus
620 1834 754 1923 quanto
774 1829 900 1900 ceteris
920 1827 1134 1922 praestiterit,
1159 1825 1263 1900 docet
1281 1824 1343 1898 ille

227 1942 407 2016 Ciceronis
422 1941 522 2015 locus
538 1933 581 2014 :o
596 1945 642 2015 Ut
660 1944 761 2015 aiunt
779 1942 816 2014 in
836 1943 967 2016 Graecis
987 1941 1182 2016 artificibus
1200 1966 1259 2016 eos
1280 1965 1345 2014 au-

226 2058 339 2133 ledus
359 2083 447 2150 esse,
470 2059 532 2155 qui
548 2057 735 2132 citharoedi
755 2059 834 2131 lieri
851 2083 925 2132 non
940 2061 1123 2156 potuerint
1134 2058 1199 2158 (3)
1213 2089 1228 2127 u
1252 2062 1341 2131 Cum

230 2198 301 2272 quo
340 2177 494 2250 maxime
524 2176 687 2271 congruit
721 2175 960 2271 fragmentum
992 2177 1099 2250 Attici
1130 2176 1244 2265 tituli,
1281 2174 1344 2248 ubi

229 2291 476 2365 inscribuntur
503 2292 651 2388 praemia
680 2292 824 2364 musicis
854 2292 1046 2388 proposita.
1078 2293 1142 2365 llle
1168 2298 1220 2365 est
1248 2292 1344 2364 enim

228 2411 463 2483 certaminum
478 2411 565 2483 ordo
584 2435 592 2482 :
613 2409 812 2499 citharoedi,
834 2411 980 2499 auloedi,
1003 2410 1206 2499 citharista,
1229 2409 1348 2483 tibici-

228 2551 304 2601 nes.
328 2531 499 2601 Praeterea
513 2527 719 2600 citharoedis
729 2529 889 2624 quinque
908 2536 992 2601 sunt
1009 2530 1157 2623 praemia
1172 2535 1206 2600 et
1222 2551 1346 2601 eorum

227 2644 344 2741 primo
375 2668 506 2719 corona
532 2669 640 2718 aurea
659 2644 759 2718 mille
784 2645 1055 2736 drachmarum,
1086 2645 1213 2719 ultimo
1239 2645 1345 2719 etiam

227 2767 415 2850 trecentae;
439 2761 589 2835 auloedis
606 2784 688 2835 vero
704 2759 775 2834 duo
796 2767 947 2849 tautum,
970 2763 1081 2858 priori
1097 2767 1265 2836 trecentas
1286 2767 1347 2834 aut

228 2879 496 2975 quadringentae
527 2879 732 2966 drachmae3
765 2878 955 2952 citharistis
980 2879 1063 2971 tria,
1095 2879 1212 2974 primo
1239 2879 1347 2975 quin-

227 3004 342 3094 genta
366 2994 378 3095 (
404 2997 431 3097 ).

276 3112 418 3187 Auloedi
443 3114 488 3187 ad
519 3112 642 3186 tibiam
674 3110 863 3184 canebant.
895 3114 970 3184 lloc
1002 3135 1116 3208 genus
1141 3112 1180 3183 in
1214 3109 1346 3206 Pythiis

230 3230 449 3327 displicuisse
485 3236 520 3302 et
544 3227 725 3302 sublatum
755 3227 863 3301 luisse
894 3235 1017 3302 auctor
1049 3235 1101 3300 est
1135 3229 1343 3317 Pausanias,

229 3349 399 3444 quoniam
431 3346 526 3420 tihiae
550 3346 749 3420 tristissima
777 3344 952 3419 sonabant
978 3353 1012 3418 et
1031 3344 1232 3441 adspirante
1258 3344 1346 3418 tibia

228 3465 449 3540 canebantur
472 3472 598 3537 moesta
623 3464 793 3551 carmina,
822 3464 913 3560 elegi
940 3468 1046 3559 atque
1068 3463 1187 3536 threni
1212 3459 1340 3559 (Χ,7).

227 3583 354 3656 Nullus
376 3584 413 3655 in
430 3581 576 3656 Soteriis
593 3580 773 3676 Delphicis
788 3578 963 3678 auloedos
982 3578 1104 3652 nullus
1118 3579 1155 3651 in
1173 3578 1345 3674 Amphia-

228 3700 311 3773 raiis
331 3701 458 3796 Oropi;
482 3698 677 3772 certamina
693 3704 813 3770 tamen
833 3693 1058 3771 auloedorum
1079 3702 1217 3768 retenta
1236 3695 1345 3767 Athe·

228 3816 284 3888 nis
317 3814 389 3914 (5),
419 3813 579 3910 Thespiis
608 3811 680 3911 (6),
712 3811 929 3886 Orchomeni
960 3808 1034 3908 (7),
1069 3834 1163 3883 unus
1194 3808 1248 3883 bis
1277 3812 1344 3886 lasi

280 4068 309 4149 l)
329 4066 498 4129 Tusculau.
511 4065 646 4143 Disput,
660 4063 683 4132 l,
698 4066 727 4124 ἓ.

280 4165 307 4241 2)
329 4163 369 4222 Le
383 4163 442 4222 Bas
456 4166 488 4221 et
500 4158 725 4237 Waddington,
744 4154 839 4216 lusor.
855 4151 1107 4232 d'Aat'e·Mt'aeore,
1125 4157 1179 4231 813
1195 4159 1236 4219 cl.
1252 4162 1301 4221 82.

280 4259 309 4334 3)
330 4257 390 4316 Pro
404 4256 555 4329 Muraena,
571 4256 662 4314 l3.-
676 4249 716 4331 (l)
739 4249 901 4329 Rangahe,
917 4249 1019 4330 Aotiq.
1036 4248 1154 4326 heddo,
1171 4254 1242 4314 961.

280 4353 309 4428 5)
333 4348 493 4428 Rangabd,
508 4346 612 4426 Autiq.
628 4344 747 4420 hellen„
762 4348 833 4406 961.

280 4445 311 4524 6)
332 4444 516 4518 Decharme,
532 4439 722 4521 laserpitium
733 4437 853 4501 ineditos
867 4435 901 4498 de
914 4435 1026 4514 Be'otie,
1045 4439 1094 4513 26,
1108 4439 1131 4502 l.
1144 4444 1194 4502 21.

268 4538 310 4616 (7)
331 4540 375 4600 Le
389 4539 460 4614 Bas,
476 4539 506 4598 3⁶
514 4539 625 4616 partie,
641 4538 785 4598 oar-623.

267 4069 276 4147 l

267 4162 279 4243 t

267 4255 279 4336 (

268 4351 279 4430 (

269 4446 279 4523 (
