3120 5302
698 528 858 587 ...73-

219 661 337 735 neusis
362 658 427 758 (t).
448 664 525 746 Quo
545 660 709 756 exemplo
729 661 880 734 dubium
895 683 1003 734 omne
1019 659 1170 733 tollitun
1198 665 1334 759 Nempe

216 777 312 851 idem
327 784 379 851 est
393 782 491 864 actor
504 778 628 850 veteris
644 775 829 851 comoediae
852 784 885 850 et
901 779 1100 866 eornoedus3
1128 778 1222 851 idem
1238 787 1335 853 actor

217 895 341 967 ueteris
355 894 532 988 tragoediae
549 900 583 965 et
595 895 785 989 tragoedus,
804 894 896 966 Hinc
907 915 1049 990 quoque
1065 901 1210 989 apparet
1228 918 1335 969 novas

217 1009 388 1106 appellari
408 1008 545 1082 fabulas
567 1032 646 1105 quae
662 1033 847 1104 nunquam
862 1065 870 1096 ‚
886 1017 1035 1100 veteres,
1056 1011 1221 1106 quaejam
1236 1013 1334 1108 prius
1349 1018 1350 1021 ’

218 1134 305 1199 actae
326 1126 396 1198 sint
406 1152 414 1213 ;
434 1149 500 1199 nee
517 1127 635 1199 minus
650 1127 880 1222 perspicuum
894 1127 1070 1222 tragoedos
1084 1127 1335 1225 comoedosque

218 1251 392 1331 actorum,
410 1266 482 1316 non
498 1251 683 1346 poetarum
697 1266 846 1316 numero
862 1241 1114 1318 adscribendos
1129 1268 1216 1319 esse.

266 1362 315 1430 De
331 1357 577 1431 distributione
593 1359 748 1455 partium
763 1360 857 1432 inter
871 1367 1007 1433 actores
1019 1359 1174 1433 multum
1190 1384 1335 1459 quoque

217 1484 252 1551 et
282 1477 409 1549 acriter
432 1501 452 1549 a
478 1475 735 1549 recentioribus
764 1477 983 1572 disputatum
1012 1483 1076 1565 est,
1109 1500 1223 1574 quum
1250 1480 1336 1553 hinc

217 1596 403 1691 scriptores
427 1595 564 1690 antiqui
592 1602 663 1667 tres
687 1595 836 1667 omnino
860 1594 967 1667 fuisse
987 1592 1212 1682 tradiderint,
1235 1595 1336 1669 illinc

218 1710 402 1785 nonnuilae
419 1710 547 1784 iabulae
564 1735 584 1785 a
602 1712 715 1786 tribus
734 1712 854 1809 peragi
869 1734 941 1784 non
961 1713 1117 1806 potuisse
1138 1711 1334 1785 videantur.

218 1832 336 1913 Quum
359 1851 441 1901 vero
461 1835 596 1901 actores
614 1852 687 1902 non
713 1829 863 1901 vestium
883 1828 989 1900 modo
1004 1828 1065 1901 sed
1082 1829 1189 1901 etiarn
1212 1837 1337 1902 cantus

219 1940 351 2039 (neque
373 1943 470 2017 enim
486 1944 624 2016 recitari
646 1945 707 2017 sed
727 1942 951 2038 aliquatenus
971 1944 1049 2016 cani
1068 1945 1255 2040 tragoedias
1280 1968 1336 2018 so-

219 2059 297 2131 litas
311 2058 418 2132 inisse
434 2067 559 2132 notum
579 2059 643 2158 est)
665 2067 762 2132 certo
778 2060 983 2133 discrimine
1000 2059 1193 2149 differrent,
1209 2084 1335 2134 novam
1381 2116 1383 2120 ψ

219 2176 543 2271 interpretationem
563 2177 680 2249 attulit
703 2178 755 2249 vir
774 2177 978 2272 ingeniosus
996 2185 1029 2249 et
1052 2178 1218 2274 speciosis
1234 2202 1337 2274 argu·

220 2293 349 2364 mentis
366 2293 601 2365 confirmavit.
619 2293 753 2388 Nempe
775 2292 936 2365 evincere
952 2302 1101 2366 conatus
1115 2300 1168 2366 est
1187 2296 1333 2391 primas,

218 2408 403 2497 secundos,
427 2410 546 2482 tertias
559 2416 676 2505 partes
692 2431 766 2482 non
786 2410 1029 2506 adpersonam
1046 2433 1154 2506 quam
1174 2411 1338 2484 tuebatur

219 2525 354 2612 artiser,
374 2527 436 2598 sed
463 2525 507 2599 ad
533 2542 657 2598 cantus
683 2526 830 2598 modum
847 2549 917 2621 quo
935 2526 1116 2616 utebatur,
1133 2528 1337 2603 referendas

218 2665 307 2731 esse,
330 2642 378 2714 ita
398 2643 487 2714 utin
509 2666 582 2714 una
596 2640 717 2715 sabula
732 2642 851 2737 plures
866 2644 1078 2739 primarum,
1099 2644 1337 2719 secundarum

219 2766 280 2831 eut
300 2759 484 2831 tertiarum
501 2760 655 2855 partium
671 2766 807 2832 actores
821 2783 895 2834 esse
908 2767 1052 2855 possent
1071 2760 1136 2859 (2)
1156 2763 1249 2835 Huic
1263 2764 1339 2858 opi-

220 2876 319 2948 nioni
332 2883 531 2971 repugnant
546 2875 728 2971 Delphica
739 2875 869 2950 tabulae
883 2876 919 2948 in
933 2875 1065 2972 quibus
1076 2878 1199 2972 viginti
1215 2902 1338 2975 greges
1413 2932 1418 2940 -

219 2991 342 3088 tragici
368 3000 402 3066 et
425 2993 552 3065 comici
574 2991 832 3082 inscribuntur,
856 2999 892 3064 et
908 2992 932 3063 ii
957 2999 1160 3066 constanter
1183 3017 1203 3068 e
1224 2993 1338 3067 tribus

219 3106 396 3180 actoribus
418 3110 616 3204 compositi.
639 3112 679 3180 In
702 3130 775 3181 uno
800 3109 934 3180 comico
959 3131 1019 3180 sex
1041 3109 1188 3204 quidem
1216 3113 1335 3185 nomi-

220 3231 365 3314 nantur,
390 3223 451 3297 sed
473 3225 510 3297 in
526 3248 566 3299 eo
593 3224 696 3298 facile
721 3224 857 3321 aliquid
882 3225 1128 3321 perturbatum
1150 3227 1255 3301 fuisse
1279 3237 1340 3302 aut

219 3341 336 3435 potius
353 3341 525 3413 omissum
541 3365 709 3438 agnoscas
726 3340 792 3440 (3).
810 3345 960 3437 Nempe,
978 3343 1038 3438 qui
1051 3350 1199 3439 quartus
1215 3345 1339 3421 inscri-

221 3457 328 3548 bitur,
349 3457 430 3528 isin
451 3457 629 3553 prioribus
643 3457 738 3530 ludis
753 3459 884 3554 primas
899 3467 1036 3554 partes3
1055 3461 1117 3555 qui
1133 3462 1292 3556 quintus,
1308 3464 1338 3536 is

219 3596 301 3645 cum
326 3575 435 3669 priori
461 3574 637 3647 secundas
660 3575 750 3671 egit;
781 3582 952 3671 praeterea
977 3576 1015 3647 in
1043 3577 1115 3650 fine
1143 3578 1272 3651 omissa
1287 3587 1338 3653 est

219 3689 352 3761 mentio
369 3690 525 3785 magistri
542 3697 576 3762 et
596 3689 764 3763 tibicinis.
784 3690 835 3761 Ex
852 3713 924 3786 quo
941 3690 980 3763 fir
1000 3692 1229 3766 manifestum
1245 3693 1338 3768 inter

219 3807 363 3878 tertium
387 3813 420 3878 et
451 3812 618 3902 quartum
645 3806 814 3882 excidisse
833 3808 1042 3904 magistrum
1071 3819 1105 3882 et
1135 3809 1334 3902 tibicinem,

219 3945 285 3995 nec
300 3946 413 3994 unum
430 3922 491 3994 sod
505 3923 594 3996 duos
610 3947 731 4019 greges
745 3924 866 3997 fuisse.
884 3924 947 3996 His
963 3926 1133 4021 exemplis
1145 3926 1334 4014 adductus,

219 4038 319 4111 adea
336 4062 416 4134 quae
434 4038 658 4113 tradiderunt
675 4041 813 4136 antiqui
830 4048 997 4130 revertar,
1017 4041 1151 4117 scilieet
1171 4051 1242 4118 tres
1260 4054 1339 4119 tan-

239 4275 242 4281 ·
258 4251 299 4332 (1)
323 4252 507 4348 Necharme
526 4252 717 4334 inscriptions
734 4253 768 4314 de
783 4253 812 4314 lo
826 4254 938 4330 Bdotr'e,
955 4259 1005 4331 26,
1021 4255 1044 4316 l.
1058 4259 1163 4317 31-32.

218 4344 509 4519 apssbrildilesmnd
529 4349 577 4407 Du
596 4347 697 4420 Meril,
717 4346 849 4409 Histoire
867 4348 901 4409 de
916 4348 944 4409 la
958 4348 1084 4410 comedia
1097 4350 1244 4426 ancienne,
1265 4358 1289 4415 t.
1310 4353 1334 4427 l,

260 4532 300 4615 (3)
322 4534 525 4612 inscriptions
541 4533 674 4597 inedites
688 4536 726 4597 de
741 4535 888 4615 Delphes‚
904 4539 942 4610 V,
958 4540 1056 4599 55-Ἱὶ-
