3120 5302
605 499 766 560 ..29-

125 631 317 727 collegium
344 655 430 704 suus
456 638 547 705 esset
569 631 706 728 legatus
722 631 787 730 (l).
812 636 862 705 De
882 631 1022 709 duabus
1043 633 1242 707 Atticorum

125 749 351 823 scenicorum
368 749 413 822 ad
428 748 702 844 Amphictiones
716 749 968 846 legationibus
988 749 1075 846 quid
1094 751 1241 848 egerint,

125 864 238 938 serius
254 865 499 962 inquiremus;
523 888 621 938 nunc
645 865 768 962 quales
786 865 920 939 fuerint
939 866 1023 939 satis
1039 867 1106 941 erit
1127 874 1246 940 osten·

123 981 220 1054 dere.
237 985 315 1054 Una
338 980 452 1054 suncti
467 985 551 1053 sunt
565 982 819 1077 tragoediarum
839 987 943 1078 poeta
962 989 997 1054 et
1015 983 1169 1079 tragicus
1188 1006 1245 1057 ac·

122 1104 197 1186 t0r;
228 1095 352 1183 altera,
385 1121 480 1169 unus
506 1095 758 1193 tragoediarum
789 1103 913 1194 poeta,
940 1105 1093 1193 quatuor
1120 1100 1243 1195 tragici

124 1213 389 1310 hypodidascali
399 1241 408 1302 ;
426 1213 522 1287 unde
533 1213 574 1286 fit
584 1213 775 1287 verisimile
788 1216 826 1286 in
836 1215 954 1288 Attico
969 1214 1119 1312 collegio
1138 1217 1245 1288 mini-

125 1352 221 1402 mam
241 1328 349 1402 luisse
370 1329 590 1402 musicorum
610 1329 876 1418 auctoritatem,
903 1329 1102 1425 plurimum
1121 1339 1242 1416 autem

125 1445 275 1519 valuisse
288 1446 350 1542 qui
365 1444 497 1518 fabulis
511 1443 656 1542 agendis
673 1467 819 1540 operam
834 1443 965 1518 dabant
987 1450 1048 1534 (2).

174 1563 353 1635 illustrata
383 1561 616 1658 collegiorum
645 1563 869 1636 scenicorum
901 1563 1059 1653 ratione,
1089 1588 1145 1636 res
1167 1565 1243 1662 ipsa

125 1679 294 1753 admonet
313 1686 352 1751 ut
372 1702 414 1752 ea
437 1702 521 1750 cum
545 1677 668 1751 thiasis
689 1690 723 1751 et
747 1679 873 1753 ceteris
896 1679 933 1752 id
955 1701 1068 1776 genus
1082 1679 1242 1778 collegiis

126 1795 320 1887 conseram,
348 1793 478 1891 quibus
504 1794 608 1891 vulgo
637 1795 770 1869 scenici
800 1794 953 1869 artifices
977 1795 1241 1870 adscribuntur.

124 1911 308 1985 Nonnulla
324 1911 421 1984 enirn
441 1910 477 1982 in
493 1910 655 2007 utrisque
671 1917 887 2008 congruunt,
906 1912 967 1986 sed
987 1910 1101 1985 multo
1122 1913 1240 2008 plura,

124 2036 158 2104 ct
173 2052 214 2103 ea
228 2028 373 2125 quidem
392 2028 536 2125 majoris
555 2029 740 2117 momenti,
757 2028 973 2124 discrepant,
991 2052 1072 2124 qua
1091 2052 1243 2104 accura-

122 2144 194 2216 tius
207 2145 372 2241 persequi
387 2150 537 2242 oportet.

98 2257 103 2267 ’
172 2261 291 2334 Thiasi
315 2262 476 2334 numinis
500 2259 686 2358 cujusdam
710 2263 952 2358 patrocinium
979 2269 1013 2337 et
1042 2286 1242 2360 cognomen

124 2386 322 2468 assumunt,
345 2386 385 2451 ut
402 2380 621 2475 Serapiastae,
640 2377 828 2470 Paniastae,
846 2388 913 2454 etc.
944 2385 1024 2455 Non
1042 2383 1166 2476 patriae
1181 2382 1241 2456 sed

124 2495 242 2569 cultus
257 2496 511 2569 communione
529 2496 682 2568 maxime
701 2505 974 2594 congregantur.
993 2498 1179 2587 Praeteroa,
1202 2506 1244 2571 ut

125 2612 162 2683 in
181 2611 331 2686 scenicis
344 2610 514 2708 collegiis,
533 2612 580 2684 ita
594 2611 633 2683 in
654 2612 790 2699 thiasis,
813 2637 869 2687 res
889 2638 952 2710 per
967 2614 1193 2710 magistratus
1206 2622 1243 2688 et

125 2729 325 2803 sacerdotes
352 2751 490 2801 annuos
514 2726 821 2817 administrantur,
846 2737 922 2802 tum
938 2753 1078 2804 summa
1094 2738 1245 2826 potestas

124 2843 306 2918 concionis
324 2850 378 2916 est
405 2845 442 2915 in
464 2866 535 2939 qua
553 2844 757 2940 congregati
776 2843 914 2917 sodales
936 2846 1090 2918 universi
1111 2846 1243 2920 suffra-

124 2961 220 3055 gium
238 2958 283 3033 de
299 2960 466 3033 omnibus
488 2959 620 3050 ¹serunt,
639 2957 683 3031 de
708 2959 971 3054 magistratibus
990 2958 1176 3056 eligendis,
1197 2961 1241 3036 da

123 3075 339 3175 accipiendis
353 3075 567 3167 rationibuS,
591 3076 634 3149 de
655 3075 799 3148 mulctis
818 3082 853 3149 et
869 3077 1006 3165 ceteris,
1030 3099 1111 3172 quae
1132 3101 1241 3173 penes
1270 3116 1271 3119 ¹

123 3195 297 3293 populum
311 3195 532 3268 scenicorum
554 3191 662 3265 luisse
683 3191 790 3264 modo
808 3192 975 3267 vidimus.
995 3192 1088 3265 Sunt
1104 3207 1137 3267 et
1155 3194 1242 3268 thia·

124 3313 170 3386 sis
183 3336 257 3385 suae
270 3311 378 3407 leges,
390 3333 453 3382 sua
463 3308 608 3405 templa,
621 3308 677 3380 sui
689 3308 834 3399 reditus,
847 3332 1040 3383 commune
1051 3311 1218 3384 ararium
1229 3339 1238 3400 3

124 3427 232 3502 iidem
252 3428 343 3501 hene
369 3426 503 3499 meritis
531 3423 740 3498 tribuuntur
765 3425 920 3500 honores
945 3427 994 3499 ita
1022 3433 1063 3499 ut
1086 3428 1241 3523 speciem

122 3543 275 3617 intuenti
297 3543 435 3616 scenica
456 3541 605 3638 collegia
631 3540 721 3614 nihil
746 3541 846 3615 alind
869 3565 977 3637 quam
992 3543 1110 3615 thiasi
1130 3567 1242 3640 genus

122 3659 229 3733 luisse
249 3659 360 3733 videri
374 3660 569 3755 potuerint.

170 3778 206 3851 Si
229 3776 308 3873 quis
331 3799 413 3848 vero
445 3775 630 3871 inspiciat,
662 3774 820 3870 prolecto
850 3797 958 3870 quam
989 3775 1167 3848 diversum
1197 3777 1242 3851 sit

122 3902 315 3989 utrumque
329 3916 443 3990 genus
464 3892 650 3989 intelligat.
670 3892 831 3965 Primum
852 3892 949 3966 enim
970 3892 1006 3964 in
1033 3893 1155 3967 thiasis
1177 3917 1242 3990 par

161 4217 203 4297 (l)
223 4221 267 4279 Le
287 4216 346 4277 Bas
365 4221 397 4277 et
416 4215 644 4294 Waddington,
669 4211 764 4276 laser.
786 4211 1045 4293 anso-Mileto,
1068 4221 1138 4296 281,
1161 4221 1184 4281 1.
1207 4226 1238 4298 4,

122 4314 221 4374 acad.
236 4311 341 4371 Verba
350 4311 528 4389 legatorum
542 4309 613 4370 vide
629 4329 660 4388 p.
678 4310 730 4370 59.

162 4406 205 4486 (l)
226 4408 357 4465 Decreta
371 4403 641 4484 Amphictionum,
657 4404 679 4464 1.
696 4405 810 4479 35-37;
832 4404 932 4465 ata-48.
945 4436 983 4449 -
998 4405 1043 4466 De
1055 4405 1242 4487 hypodidas-

124 4500 201 4561 calis
214 4499 286 4561 vide
300 4516 332 4577 p.
348 4501 398 4558 75.
