3120 5302
698 556 856 615 40-

217 708 300 757 nem
329 690 485 775 movent,
518 685 667 783 collegio
701 689 841 762 scenico
870 689 1049 763 caruisse?
1079 691 1188 787 Cujus
1215 694 1333 763 tamen

218 801 469 875 tenuissimum
499 803 604 876 modo
623 805 810 902 vestigium
835 807 973 879 eLivio
995 829 1119 882 eruere
1138 807 1333 902 potuimus,

217 921 256 998 in
274 947 346 1021 quo
364 922 405 999 lit
420 923 554 996 mentio
574 922 749 996 Aristonis
766 924 952 1021 cujusdam
968 926 1096 1000 actoris
1117 925 1250 1022 tragici,
1269 922 1336 1019 Sy-

216 1043 380 1146 racusani
401 1041 498 1128 ciris,
517 1040 555 1111 in
570 1063 612 1114 ea
626 1039 715 1114 urhe
732 1043 986 1116 commorantis
1002 1041 1146 1141 (XXIV,
1169 1041 1241 1140 11).

267 1161 302 1230 8.
333 1155 469 1252 Rhegii.
499 1154 638 1228 Titulus
666 1157 819 1253 pessime
839 1157 1038 1255 descriptus
1061 1158 1150 1231 mihi
1174 1158 1331 1242 videtum

218 1271 278 1345 sed
295 1272 392 1346 haud
411 1269 520 1344 dubia
537 1279 589 1345 est
608 1273 788 1346 artificum
803 1273 944 1371 collegii
966 1275 1100 1349 mentio
1119 1272 1132 1372 (
1138 1273 1186 1372 1).

267 1393 303 1463 9.
332 1387 491 1485 Neapoli.
521 1387 990 1487 Collegiumtantummodo
1005 1392 1043 1464 in
1059 1390 1198 1465 duobus
1212 1412 1337 1465 recen-

217 1503 368 1578 tioribus
381 1504 494 1578 titulis
510 1506 681 1596 occurrit,
701 1529 855 1603 quorum
872 1507 909 1579 in
925 1531 997 1581 uno
1012 1507 1132 1581 latinis
1150 1506 1336 1580 elementis

216 1620 323 1695 verba
342 1645 440 1695 mere
453 1645 568 1718 graeca
581 1623 754 1719 inscripta
772 1623 920 1696 luerunt
937 1622 1004 1722 (1).
1024 1624 1086 1696 Est
1104 1646 1248 1721 quoque
1263 1629 1337 1695 tes-

219 1739 369 1812 timonio
390 1738 537 1813 Senecae
563 1739 713 1837 epistola
732 1740 767 1812 in
790 1763 861 1837 qua
882 1741 925 1814 de
942 1741 1076 1814 theatro
1104 1739 1337 1836 Neapolitano

220 1861 255 1929 et
274 1856 318 1930 de
334 1856 480 1930 musicis
500 1855 756 1930 certaminibus
772 1856 931 1953 loquitur
946 1855 1078 1956 (Epist.
1101 1857 1174 1955 76).
1191 1856 1338 1928 Gravius

218 1970 310 2047 illud
323 1978 357 2046 et
372 1974 483 2070 magis
503 1973 692 2069 antiquum
716 1972 813 2069 quod
834 1976 976 2064 Brutus,
995 1998 1105 2070 quum
1128 1971 1234 2046 vellet
1250 1972 1337 2045 arti-

218 2088 303 2162 fices
328 2113 462 2186 grecos
493 2089 662 2163 ludorum
687 2112 791 2163 causa
819 2113 1051 2187 congregare,
1072 2088 1282 2185 ‘Neapolim'
1300 2111 1337 2160 se

219 2205 371 2280 contulit
386 2206 448 2280 ubi
464 2206 612 2304 plurimi
632 2206 866 2279 versabantur
886 2205 951 2305 (3).
978 2204 1079 2292 Quod
1103 2204 1294 2301 collegium
1317 2225 1337 2279 a

221 2323 389 2397 Romanis
406 2324 642 2396 constitutum
658 2306 766 2396 fuisse
782 2346 856 2396 non
869 2322 1040 2396 credibile
1053 2329 1116 2411 est,
1130 2322 1192 2394 scd
1205 2319 1335 2417 potius,

221 2443 302 2512 ante
323 2442 520 2513 Romanam
542 2439 823 2514 dominationem
835 2440 909 2536 jam
930 2439 1073 2529 florens,
1095 2437 1208 2514 serius
1231 2435 1335 2512 etiam

220 2557 468 2652 permansisse.
1411 2560 1413 2564 ’

145 2681 151 2688 “
269 2671 373 2744 Nunc
396 2696 415 2747 e
439 2696 510 2770 quo
531 2673 720 2747 hominum
740 2696 870 2770 genere
893 2674 1115 2748 constiterint
1133 2696 1173 2747 ea
1191 2674 1338 2771 collegia

223 2789 457 2884 quarendum
473 2796 537 2863 est.
557 2793 642 2862 Rern
664 2812 801 2863 sacram
816 2814 891 2863 non
909 2790 976 2863 uisi
990 2791 1163 2886 ingenuos
1183 2791 1337 2887 attigisse

221 2906 351 3002 etipsa
374 2907 461 2980 ratio
484 2930 549 3004 per
562 2929 598 2980 se
613 2905 747 2980 indicat
766 2913 800 2980 et
817 2906 1002 2980 manifeste
1019 2905 1201 2979 declarant
1223 2929 1336 3002 quum

221 3022 409 3118 scriptores
428 3023 566 3120 antiqui
580 3027 658 3096 tum
678 3021 840 3118 lapidum
856 3023 1071 3096 testimonia.
1094 3027 1228 3120 Nempe
1243 3021 1338 3119 apud

223 3144 379 3212 oratores
392 3141 516 3214 atticos
529 3141 647 3214 videre
664 3145 715 3213 est
735 3141 895 3213 scenicos
908 3139 1061 3211 artifices
1075 3136 1177 3211 nullo
1195 3136 1338 3235 publico

224 3255 278 3327 vel
298 3255 392 3328 civili
410 3257 492 3353 jure
512 3256 681 3342 caruisse,
699 3255 760 3329 sed
782 3257 820 3327 in
834 3255 971 3353 judicia
988 3255 1181 3327 testimonii
1196 3253 1339 3327 dicendi

223 3393 342 3459 causa,
369 3371 428 3444 vel
458 3370 502 3445 ad
530 3371 609 3444 lites
637 3370 871 3445 intendendas
894 3379 955 3444 aut
986 3367 1211 3442 sustinendas
1235 3390 1339 3465 aequo

219 3490 300 3586 jure
324 3487 486 3586 prodire3
512 3489 636 3561 domos
660 3494 720 3561 aut
750 3486 878 3561 fundos
902 3485 1119 3583 possedisse;
1146 3483 1339 3559 nonnullos

224 3606 331 3678 etiam
349 3605 577 3703 amplissimis
590 3604 756 3701 gentihus
771 3603 908 3692 aflines,
925 3611 964 3676 ut
977 3601 1219 3698 Phrynichum
1236 3600 1339 3673 illum

223 3722 425 3796 saltatorem
452 3721 647 3796 Andocidae
673 3744 895 3819 germanum.
937 3723 1009 3792 Nec
1025 3719 1158 3791 ‘minus
1185 3717 1340 3790 honores

224 3841 372 3913 civitatis
394 3840 555 3937 adipisci,
572 3838 726 3935 publicis
747 3836 957 3913 muneribus
976 3837 1075 3933 fungi
1092 3834 1149 3907 vel
1168 3833 1341 3931 amplissi-

223 3959 303 4048 mis,
326 3958 430 4032 verba
456 3957 571 4030 tacere
597 3956 635 4027 in
660 3956 830 4029 concione
857 3954 975 4027 autin
995 3950 1145 4026 consilio
1165 3948 1341 4047 perleges

220 4096 286 4147 nec
299 4074 418 4147 minus
432 4097 497 4170 per
514 4071 704 4147 hominum
720 4071 925 4169 opinionem
942 4069 1091 4142 scenicis
1112 4067 1179 4139 suit
1197 4088 1340 4163 semper

223 4212 445 4264 concessum.
465 4187 567 4288 (Vide
582 4211 619 4284 p.
645 4185 722 4285 81.)

133 4388 134 4391 ’
261 4379 305 4461 (1)
328 4377 442 4457 Corpus
456 4377 544 4438 inser.
561 4396 622 4457 qn,
639 4378 729 4439 5761.

263 4473 306 4554 (1)
328 4474 424 4535 Sacra
437 4470 595 4552 synhcdos
609 4471 739 4550 Neapoli
754 4470 873 4552 (Orelli,
890 4469 992 4549 1511).

263 4567 307 4648 (3)
327 4566 498 4642 Plutarch„
515 4565 640 4637 Brutus,
657 4567 708 4626 51.
