3120 5302
620 545 780 604 ...83-

147 681 213 753 tuit
233 679 245 778 (
255 678 298 777 t),
318 679 364 750 ita
380 678 603 761 scenicorum
619 679 801 753 amoribus
812 677 980 774 ctjurgiis
995 676 1191 772 permixtus
1208 672 1260 771 (4)

146 803 183 869 ut
199 799 378 867 Eumenes
394 796 597 890 indignatus
616 796 826 870 exclamaret
842 798 916 891 jam
932 793 1150 890 projicienda
1165 812 1264 862 arma

72 994 74 1000 ,
145 920 179 985 et
193 911 295 984 tibias
309 911 434 984 intlare
450 917 484 983 et
498 910 682 1008 tragoedias
697 935 798 1007 agere
814 909 1024 984 discendum
1041 907 1106 1006 (3).
1127 912 1263 980 Rursus

144 1027 275 1100 scenici
296 1026 405 1099 effuse
433 1028 503 1123 regi
532 1051 639 1123 supra
665 1029 865 1100 humanum
887 1027 1033 1100 modum
1063 1022 1263 1118 exsurgenti

144 1143 433 1232 blandiebantur,
454 1151 489 1216 et
508 1145 773 1218 adulationibus
788 1147 983 1216 immanem
1006 1140 1209 1238 superbiam
1229 1145 1264 1211 et

145 1260 376 1353 impotentem
395 1259 615 1330 iracundiam
637 1259 871 1332 efferbuerunt
892 1280 972 1354 quae
997 1255 1140 1328 tandem
1156 1255 1193 1327 in
1211 1277 1267 1327 so·

145 1375 282 1447 ciorum
303 1380 338 1444 et
356 1374 555 1446 amicorum
574 1373 688 1448 caedes
707 1375 835 1471 erupit.

193 1490 389 1562 Alexandro
418 1497 573 1580 mortuo,
606 1491 715 1564 duces
744 1497 913 1587 tanquam
937 1488 1155 1563 haereditatis
1186 1486 1264 1584 ejus

144 1616 291 1705 partem,
322 1608 545 1681 scenicorum
565 1609 721 1682 studium
753 1610 987 1682 retinuerunt.
1021 1606 1126 1702 Apud
1155 1626 1264 1677 novos

147 1748 243 1820 reges
260 1747 326 1796 nec
346 1725 464 1795 minus
484 1726 625 1819 gratiosi
644 1725 787 1799 luerunt
810 1725 976 1811 artifices,
997 1746 1064 1795 nec
1079 1722 1199 1793 minus
1219 1718 1263 1793 ad

146 1839 405 1913 blandiendum
423 1839 537 1913 effusi.
562 1841 823 1936 Largitionibus
840 1840 988 1936 expleti,
1009 1839 1106 1911 iestis
1124 1843 1158 1910 et
1180 1859 1264 1909 con·

145 1957 243 2028 viriis
262 1954 421 2047 admixti,
442 1957 535 2030 inter
553 1959 685 2030 amicos
707 1958 813 2030 etiam
833 1964 866 2029 et
887 1953 1049 2029 custodes
1069 1954 1180 2050 regios
1203 1954 1265 2027 ad-

146 2073 388 2158 mittebantur,
407 2097 473 2146 nec
489 2098 525 2146 se
540 2075 733 2147 mimorum
750 2080 783 2146 et
798 2080 995 2145 ceterorum
1011 2070 1263 2143 circulatorum

149 2189 278 2285 quibus
309 2212 451 2286 quoque
484 2190 680 2279 fevebatur,
711 2190 920 2285 contagione
950 2187 1063 2285 pollui
1088 2185 1262 2282 indignati

148 2311 243 2400 sunt.
276 2309 371 2391 Quos
400 2329 582 2379 recensere
614 2306 742 2395 teedet;
776 2306 884 2378 unius
919 2310 1057 2378 tantum
1087 2302 1263 2376 nefarium

148 2423 263 2495 scelus
282 2422 536 2496 exsecrandum
561 2431 624 2513 est,
649 2423 790 2496 Archiae
808 2422 953 2510 scilicet,
976 2421 1098 2518 tragici
1117 2422 1261 2494 actoris.

149 2543 193 2628 lc,
213 2538 396 2612 debellatis
411 2539 504 2635 apud
523 2543 721 2613 Crauonem
738 2538 1018 2612 Atheniensibus
1032 2544 1068 2610 et
1083 2536 1265 2634 deplorata
1323 2522 1326 2529 ¹

147 2656 290 2727 Graeciae
310 2655 485 2745 libertate,
507 2655 682 2752 Antipatri
705 2655 869 2729 vindictae
890 2656 1063 2743 minister,
1082 2677 1141 2727 eos
1163 2677 1265 2727 com-

147 2772 392 2867 prehendendi
413 2773 475 2869 qui
494 2771 746 2845 Macedonibus
762 2771 932 2845 adversati
955 2771 1107 2858 inerant,
1134 2794 1265 2842 munus

148 2889 301 2984 suscepit
313 2916 321 2976 ;
334 2889 507 2984 isAEginoe
519 2895 700 2962 assecutus
717 2888 969 2975 Aristonicum,
984 2887 1201 2960 Himeroeum
1214 2892 1267 2959 at·

149 3027 217 3100 que
235 3004 448 3100 Hyperidem
465 3005 579 3077 esano
590 3006 687 3077 AEaci
698 3002 861 3098 abreptos
878 3003 1063 3098 Antipatro
1079 3001 1266 3075 cedendas

150 3120 309 3208 tradidit;
326 3123 355 3193 is
366 3122 641 3194 Demosthenem
652 3121 688 3192 in
703 3120 784 3193 lano
795 3121 950 3214 Neptuni
960 3118 1156 3214 supplicem
1171 3141 1266 3191 mor-

149 3244 218 3308 tem
240 3237 306 3308 sibi
328 3239 546 3310 consciscere
564 3237 687 3333 coegit,
704 3242 802 3309 tanto
825 3235 998 3309 serviendi
1013 3236 1130 3308 studio
1146 3242 1186 3307 ut
1202 3235 1265 3308 ho·

148 3355 235 3425 mini
247 3354 531 3450 Phpgadotheras
547 3377 745 3450 cognomen
763 3353 806 3426 ab
819 3353 973 3448 antiquis
987 3353 1189 3424 inureretur
1199 3349 1262 3449 (4)

149 3471 260 3565 Digna
287 3470 353 3541 luit
378 3494 461 3543 sane
490 3470 551 3542 illa
580 3471 802 3542 scenicorum
832 3468 1032 3564 proditione
1063 3490 1169 3562 poena
1198 3474 1256 3554 ut,

147 3612 259 3682 quum
291 3587 492 3678 AEschines,
522 3588 785 3676 Aristodemus,
817 3583 1068 3680 Neoptolemus
1096 3584 1262 3656 adversus

148 3705 296 3799 patriam
314 3703 468 3798 Philippi
487 3708 603 3799 partes
618 3704 720 3776 tutati
736 3707 865 3790 essent,
883 3723 924 3774 ex
939 3699 1062 3773 eodem
1084 3699 1261 3772 artificum

147 3843 294 3916 corpore
310 3821 491 3893 exsisteret
507 3821 659 3914 tragicus
680 3819 805 3890 histrio
826 3817 887 3912 qui
908 3838 1029 3889 vocem
1049 3814 1202 3910 publicae
1220 3814 1264 3886 li·

148 3937 292 4010 bertatis
311 3943 345 4009 et
359 3959 483 4030 graecae
499 3935 710 4029 eloquentiae
729 3934 851 4007 lumen
872 3933 1121 4027 exstingueret.

216 4170 319 4246 lPlut
306 4168 422 4242 barch„
437 4165 583 4226 Aleccurrd.
592 4170 661 4241 ,67

217 4261 463 4341 )Plutarch.‚A
437 4260 588 4320 Al.caconcl
606 4259 823 4339 apophthegm,
840 4263 888 4321 40

219 4358 228 4437 )

251 4357 423 4430 Plutarch,
439 4355 598 4414 Eumae
580 4357 598 4396 4

198 4267 216 4323 4

197 4361 214 4417 3

198 4445 1264 4528 atrluarehbononien08rotsudecem0ramv111,ta;

187 4171 211 4248 u

186 4265 195 4339 (

186 4357 196 4436 (

144 4454 260 4620 lx(l
