3120 5302
707 517 865 576 ...58-

288 683 303 719 «
322 656 371 725 Ex
386 653 428 724 iis
443 652 503 749 qui
524 653 560 724 in
582 672 662 723 meo
682 650 886 746 magistratu
904 649 1119 723 voluntatem
1140 651 1348 727 declarave-

234 777 329 856 runt,
350 768 524 842 dederunt
542 767 677 863 :Pytho
692 766 857 862 Scylaois,
876 767 939 863 qui
955 765 1023 839 luit
1039 766 1230 864 choragus‚
1243 769 1347 843 Clino

233 884 385 960 Evandri
401 885 706 981 choropsaltriam
728 884 821 958 binis
834 882 961 956 diebus
965 937 1119 957 ..........
1134 883 1347 981 Apollonius

231 1001 363 1086 Bionis,
390 1000 451 1097 qui
476 1000 543 1072 suit
567 1024 609 1072 ex
637 998 822 1095 inquilinis
852 998 1040 1095 choragus‚
1059 998 1162 1073 Clino
1192 1001 1345 1075 Evandri

229 1116 535 1213 choropsaltriam‚
560 1139 630 1190 una
649 1115 706 1189 die
722 1115 773 1215 (l)
780 1171 853 1189 .....
875 1145 890 1184 a

278 1233 385 1305 Pauci
410 1232 603 1305 admodum
638 1232 788 1306 artifices
811 1232 1003 1328 quotannis
1025 1230 1151 1305 urbem
1178 1230 1339 1325 adibant,

231 1349 316 1436 duo,
345 1348 389 1421 ad
415 1371 597 1420 summum
630 1355 700 1420 tres
724 1347 850 1421 musici
876 1354 935 1420 aut
955 1342 1103 1439 actores,
1124 1347 1345 1446 iidemquca

229 1463 393 1560 pluribus
423 1465 584 1561 choragis
613 1464 837 1538 continenter
864 1461 1022 1536 exhibiti.
1053 1465 1138 1537 Octo
1165 1471 1343 1539 annorum

228 1581 340 1677 spatio
362 1582 520 1677 quinque
544 1581 710 1669 comoedi,
735 1580 881 1677 tragoedi
907 1586 1046 1653 tantum
1070 1580 1154 1669 duo,
1182 1583 1343 1679 quinque

229 1697 391 1772 tibicines
405 1698 491 1771 varii
506 1699 656 1795 generis,
675 1721 770 1770 unus
781 1697 956 1788 auloedus‚
974 1704 1046 1770 tres
1062 1697 1267 1790 citharistes,
1285 1699 1341 1773 lu-

228 1813 281 1887 dis
303 1813 494 1888 adfuerunt
514 1815 579 1915 (a).
606 1818 646 1887 ln
667 1816 733 1888 hac
756 1815 934 1887 artificum
954 1814 1206 1911 infrequentia,
1229 1839 1341 1911 quum

226 1953 341 2004 unum
361 1930 632 2006 Athenodorum
649 1932 866 2018 comoedum,
884 1930 946 2026 qui
963 1933 1081 2003 lasum
1101 1949 1224 2003 rursus
1247 1928 1342 2007 adic-

224 2054 279 2121 rat
298 2070 362 2143 per
387 2071 445 2121 sex
463 2049 539 2122 dies
565 2072 623 2123 sex
650 2049 794 2144 choragi
817 2036 1078 2144 produxissent,
1101 2069 1144 2120 ex
1164 2053 1339 2144 tempore,

226 2162 296 2236 duo
317 2164 460 2261 choragi
479 2187 542 2260 per
556 2171 626 2237 tres
647 2164 721 2238 dies
740 2162 978 2237 exhibuerunt
996 2163 1033 2235 in
1053 2164 1192 2236 theatro
1211 2164 1342 2245 mulie-

225 2302 300 2352 rem
314 2285 552 2378 χοροψαλτρίαν,
574 2280 610 2353 id
636 2287 689 2354 est
708 2304 789 2379 quae
813 2279 919 2352 simul
934 2278 1047 2353 levem
1063 2280 1235 2354 citharam
1252 2282 1341 2378 pul-

225 2391 322 2466 sabat
342 2401 376 2468 et
394 2395 554 2487 saltabat,
571 2395 672 2470 nullo
689 2395 759 2468 alio
774 2393 892 2468 adhuc
907 2394 1069 2491 exemplo
1088 2395 1229 2470 leminae
1243 2397 1340 2494 inge·

224 2533 306 2581 nuae
335 2511 373 2582 in
406 2512 545 2585 theatro
579 2511 760 2602 saltantis,
791 2519 898 2608 quam
926 2534 1001 2584 non
1036 2510 1176 2609 collegii
1208 2514 1339 2587 scenici

223 2626 431 2722 participem
455 2629 518 2701 sed
545 2627 700 2701 incolam
727 2631 917 2719 lasensem,
938 2631 1048 2700 artem
1073 2625 1236 2723 privatim
1257 2650 1340 2702 me-

224 2742 395 2816 ditantem
411 2743 518 2817 tuisse
534 2749 672 2817 certum
692 2749 757 2816 est.

271 2861 405 2932 Harum
435 2858 689 2933 difficultatum
724 2882 837 2958 quum
871 2861 1027 2932 lasenses
1057 2860 1267 2955 prenderet,
1303 2871 1338 2934 et

222 2985 392 3072 cuperent
429 2977 595 3073 Dionysia
626 2977 846 3050 constantius
875 2982 909 3050 et
945 2967 1166 3071 splendidius
1194 2979 1338 3075 peragi,

221 3093 345 3164 Teium
378 3091 568 3189 collegium
596 3093 870 3189 perantiquam
903 3091 1096 3164 amicitiam
1125 3101 1338 3188 rogaverunt

224 3211 261 3277 ut
285 3205 352 3279 sibi
380 3207 419 3278 in
438 3206 533 3280 ludis
552 3206 777 3303 perficiendis
800 3207 1013 3281 subveniret.
1040 3208 1132 3281 Huic
1160 3209 1336 3304 rogationi

223 3345 432 3418 responsum
443 3332 507 3412 est,
525 3322 596 3398 lato
611 3322 765 3413 decreto,
783 3327 885 3422 cujus
900 3324 1014 3398 simile
1026 3322 1167 3396 nullum
1181 3323 1336 3398 alterum

220 3436 393 3510 habemus
404 3465 413 3526 ;
436 3438 536 3513 valde
556 3438 751 3514 dolendum
771 3442 878 3539 igitur
892 3437 988 3538 quod
1002 3441 1109 3537 primi
1128 3464 1248 3515 versus
1261 3466 1333 3517 non

220 3553 350 3650 integri
368 3554 412 3627 ad
431 3578 496 3628 nos
515 3557 755 3652 pervenerint.
782 3560 830 3629 Ex
849 3557 966 3646 initio,
992 3579 1072 3654 quae
1097 3558 1197 3653 potui
1220 3563 1334 3631 trans·

221 3667 301 3743 tuli.

270 3814 288 3853 «
302 3787 481 3860 Sententia
494 3788 633 3885 collegii
645 3790 918 3863 scenicorumex
928 3789 1336 3888 loniaHellespontoque

217 3909 252 3973 et
283 3900 443 3998 praesidis
464 3905 593 3978 Bacchi
622 3905 813 3978 artificum.
840 3908 959 3990 Quum
983 3905 1140 3978 lasenses
1166 3906 1271 3978 amici
1301 3914 1335 3980 ct

217 4016 408 4092 familiares
436 4020 603 4094 adversus
629 4044 694 4094 nos
722 4023 855 4116 optime
883 4024 1031 4119 egerint,
1063 4023 1334 4119 maximumque

216 4133 375 4208 studium
394 4145 430 4210 et
447 4134 772 4210 amicitiamverbis
788 4143 824 4210 et
838 4137 937 4211 lactis
951 4159 1032 4234 erga
1046 4135 1179 4233 legatos
1196 4144 1336 4211 nostros

254 4413 296 4494 (t)
317 4415 360 4474 Le
372 4413 432 4473 Bas
447 4416 478 4472 et
492 4409 718 4489 Waddington.
733 4411 830 4475 locor.
846 4411 1100 4490 drino-Minoam,
1116 4414 1186 4475 257.

251 4507 294 4587 (ἢ)
309 4509 357 4571 de
371 4506 431 4566 bas
447 4510 479 4566 et
491 4504 717 4582 Waddington,
732 4505 826 4569 Inscr.
846 4504 1101 4585 utro-Minore,
1117 4525 1148 4586 p.
1165 4507 1217 4568 88
