<?xml version="1.0" encoding="UTF-8"?>
<!DOCTYPE html PUBLIC "-//W3C//DTD XHTML 1.0 Transitional//EN"
    "http://www.w3.org/TR/xhtml1/DTD/xhtml1-transitional.dtd">
<html xmlns="http://www.w3.org/1999/xhtml" xml:lang="en" lang="en">
 <head>
  <title>
</title>
<meta http-equiv="Content-Type" content="text/html;charset=utf-8" />
  <meta name='ocr-system' content='tesseract 3.04.00' />
  <meta name='ocr-capabilities' content='ocr_page ocr_carea ocr_par ocr_line ocrx_word'/>
</head>
<body>
  <div class='ocr_page' id='page_1' title='image "./decollegiisscen00foucgoog_0095.png"; bbox 0 0 3120 5302; ppageno 0'>
   <div class='ocr_carea' id='block_1_1' title="bbox 697 521 856 579">
    <p class='ocr_par' dir='ltr' id='par_1_1' title="bbox 697 521 856 579">
     <span class='ocr_line' id='line_1_1' title="bbox 697 521 856 579; baseline 0.006 -17"><span class='ocrx_word' id='word_1_1' title='bbox 697 521 856 579; x_wconf 70' lang='lat'>„79-</span> 
     </span>
    </p>
   </div>
   <div class='ocr_carea' id='block_1_2' title="bbox 170 645 1338 1326">
    <p class='ocr_par' dir='ltr' id='par_1_2' title="bbox 170 645 1338 1326">
     <span class='ocr_line' id='line_1_2' title="bbox 219 645 1338 744; baseline 0.001 -25"><span class='ocrx_word' id='word_1_2' title='bbox 219 672 292 744; x_wconf 85' lang='lat' dir='ltr'>quo</span> <span class='ocrx_word' id='word_1_3' title='bbox 311 648 348 718; x_wconf 90' lang='lat' dir='ltr'>in</span> <span class='ocrx_word' id='word_1_4' title='bbox 369 645 463 719; x_wconf 84' lang='lat' dir='ltr'>ludis</span> <span class='ocrx_word' id='word_1_5' title='bbox 477 653 618 734; x_wconf 89' lang='lat' dir='ltr'>ornatu,</span> <span class='ocrx_word' id='word_1_6' title='bbox 637 649 813 744; x_wconf 79' lang='lat' dir='ltr'>remigum</span> <span class='ocrx_word' id='word_1_7' title='bbox 832 652 907 719; x_wconf 91' lang='lat' dir='ltr'>erat</span> <span class='ocrx_word' id='word_1_8' title='bbox 926 646 1085 720; x_wconf 74' lang='lat' dir='ltr'><strong>hortator</strong></span> <span class='ocrx_word' id='word_1_9' title='bbox 1101 645 1166 743; x_wconf 80' lang='lat' dir='ltr'>(l).</span> <span class='ocrx_word' id='word_1_10' title='bbox 1185 650 1256 719; x_wconf 89' lang='lat' dir='ltr'>Nec</span> <span class='ocrx_word' id='word_1_11' title='bbox 1271 649 1338 720; x_wconf 89' lang='lat' dir='ltr'>mi-</span> 
     </span>
     <span class='ocr_line' id='line_1_3' title="bbox 170 762 1334 860; baseline 0.003 -29"><span class='ocrx_word' id='word_1_12' title='bbox 170 823 173 831; x_wconf 93' lang='grc'><em>,</em></span> <span class='ocrx_word' id='word_1_13' title='bbox 218 787 307 837; x_wconf 89' lang='lat' dir='ltr'>nora</span> <span class='ocrx_word' id='word_1_14' title='bbox 330 762 553 837; x_wconf 88' lang='lat' dir='ltr'>scenicorum</span> <span class='ocrx_word' id='word_1_15' title='bbox 579 769 614 836; x_wconf 91' lang='lat' dir='ltr'>et</span> <span class='ocrx_word' id='word_1_16' title='bbox 638 772 824 860; x_wconf 89' lang='lat' dir='ltr'>poetarum</span> <span class='ocrx_word' id='word_1_17' title='bbox 851 762 967 836; x_wconf 90' lang='lat' dir='ltr'>studia</span> <span class='ocrx_word' id='word_1_18' title='bbox 988 787 1070 860; x_wconf 90' lang='lat' dir='ltr'>erga</span> <span class='ocrx_word' id='word_1_19' title='bbox 1094 762 1334 859; x_wconf 76' lang='lat' dir='ltr'>Lysandrum3</span> 
     </span>
     <span class='ocr_line' id='line_1_4' title="bbox 218 878 1337 974; baseline 0.001 -23"><span class='ocrx_word' id='word_1_20' title='bbox 218 881 428 952; x_wconf 81' lang='lat' dir='ltr'>Aristonons</span> <span class='ocrx_word' id='word_1_21' title='bbox 447 880 553 953; x_wconf 90' lang='lat' dir='ltr'>etiam</span> <span class='ocrx_word' id='word_1_22' title='bbox 575 880 804 969; x_wconf 86' lang='lat' dir='ltr'>citharoedus,</span> <span class='ocrx_word' id='word_1_23' title='bbox 822 881 934 953; x_wconf 81' lang='lat' dir='ltr'>sexies</span> <span class='ocrx_word' id='word_1_24' title='bbox 956 879 1095 974; x_wconf 81' lang='lat' dir='ltr'>Pythiis</span> <span class='ocrx_word' id='word_1_25' title='bbox 1110 881 1231 968; x_wconf 83' lang='lat' dir='ltr'>victor,</span> <span class='ocrx_word' id='word_1_26' title='bbox 1252 878 1337 974; x_wconf 89' lang='lat' dir='ltr'>pol-</span> 
     </span>
     <span class='ocr_line' id='line_1_5' title="bbox 219 996 1338 1094; baseline 0 -26"><span class='ocrx_word' id='word_1_27' title='bbox 219 996 338 1069; x_wconf 75' lang='lat' dir='ltr'>licitus</span> <span class='ocrx_word' id='word_1_28' title='bbox 362 1003 426 1084; x_wconf 88' lang='lat' dir='ltr'>est,</span> <span class='ocrx_word' id='word_1_29' title='bbox 457 996 486 1067; x_wconf 92' lang='lat' dir='ltr'>si</span> <span class='ocrx_word' id='word_1_30' title='bbox 512 1020 636 1069; x_wconf 93' lang='lat' dir='ltr'>rursus</span> <span class='ocrx_word' id='word_1_31' title='bbox 659 998 810 1087; x_wconf 89' lang='lat' dir='ltr'>vicisset,</span> <span class='ocrx_word' id='word_1_32' title='bbox 837 1021 874 1071; x_wconf 88' lang='lat' dir='ltr'>se</span> <span class='ocrx_word' id='word_1_33' title='bbox 893 997 970 1094; x_wconf 86' lang='lat' dir='ltr'>ejus</span> <span class='ocrx_word' id='word_1_34' title='bbox 989 1020 1065 1069; x_wconf 88' lang='lat' dir='ltr'>esse</span> <span class='ocrx_word' id='word_1_35' title='bbox 1086 997 1338 1093; x_wconf 90' lang='lat' dir='ltr'>pronuntiatu-</span> 
     </span>
     <span class='ocr_line' id='line_1_6' title="bbox 218 1111 1338 1211; baseline 0.001 -26"><span class='ocrx_word' id='word_1_36' title='bbox 218 1136 300 1185; x_wconf 91' lang='lat' dir='ltr'>rum</span> <span class='ocrx_word' id='word_1_37' title='bbox 318 1111 383 1211; x_wconf 69' lang='lat' dir='ltr'>(h).</span> <span class='ocrx_word' id='word_1_38' title='bbox 408 1117 629 1209; x_wconf 88' lang='lat' dir='ltr'>lmprospere</span> <span class='ocrx_word' id='word_1_39' title='bbox 651 1115 797 1209; x_wconf 89' lang='lat' dir='ltr'>quidem</span> <span class='ocrx_word' id='word_1_40' title='bbox 817 1121 903 1186; x_wconf 92' lang='lat' dir='ltr'>tunc</span> <span class='ocrx_word' id='word_1_41' title='bbox 918 1114 979 1186; x_wconf 92' lang='lat' dir='ltr'>ille</span> <span class='ocrx_word' id='word_1_42' title='bbox 1001 1121 1181 1210; x_wconf 88' lang='lat' dir='ltr'>exceptus,</span> <span class='ocrx_word' id='word_1_43' title='bbox 1200 1111 1261 1186; x_wconf 92' lang='lat' dir='ltr'>sed</span> <span class='ocrx_word' id='word_1_44' title='bbox 1277 1112 1338 1187; x_wconf 91' lang='lat' dir='ltr'>alii</span> 
     </span>
     <span class='ocr_line' id='line_1_7' title="bbox 220 1230 840 1326; baseline -0.002 -22"><span class='ocrx_word' id='word_1_45' title='bbox 220 1230 472 1304; x_wconf 78' lang='lat' dir='ltr'>blanditiarum</span> <span class='ocrx_word' id='word_1_46' title='bbox 491 1231 646 1326; x_wconf 88' lang='lat' dir='ltr'>pretium</span> <span class='ocrx_word' id='word_1_47' title='bbox 668 1231 840 1304; x_wconf 89' lang='lat' dir='ltr'>tulerunt.</span> 
     </span>
    </p>
   </div>
   <div class='ocr_carea' id='block_1_3' title="bbox 268 1347 1450 1449">
    <p class='ocr_par' dir='ltr' id='par_1_3' title="bbox 268 1347 1450 1449">
     <span class='ocr_line' id='line_1_8' title="bbox 268 1347 1450 1449; baseline 0.002 -30"><span class='ocrx_word' id='word_1_48' title='bbox 268 1350 345 1432; x_wconf 81' lang='lat' dir='ltr'>Qua</span> <span class='ocrx_word' id='word_1_49' title='bbox 364 1348 628 1442; x_wconf 74' lang='lat' dir='ltr'>opportunitate</span> <span class='ocrx_word' id='word_1_50' title='bbox 644 1348 733 1421; x_wconf 91' lang='lat' dir='ltr'>mire</span> <span class='ocrx_word' id='word_1_51' title='bbox 750 1372 836 1421; x_wconf 88' lang='lat' dir='ltr'>usus</span> <span class='ocrx_word' id='word_1_52' title='bbox 855 1353 907 1421; x_wconf 92' lang='lat' dir='ltr'>est</span> <span class='ocrx_word' id='word_1_53' title='bbox 923 1349 1122 1446; x_wconf 84' lang='lat' dir='ltr'>Philippus,</span> <span class='ocrx_word' id='word_1_54' title='bbox 1140 1355 1174 1422; x_wconf 93' lang='lat' dir='ltr'>et</span> <span class='ocrx_word' id='word_1_55' title='bbox 1195 1371 1259 1445; x_wconf 91' lang='lat' dir='ltr'>pro</span> <span class='ocrx_word' id='word_1_56' title='bbox 1278 1347 1337 1421; x_wconf 88' lang='lat' dir='ltr'>in·</span> <span class='ocrx_word' id='word_1_57' title='bbox 1447 1443 1450 1449; x_wconf 28' lang='grc' dir='ltr'>Ι</span> 
     </span>
    </p>
   </div>
   <div class='ocr_carea' id='block_1_4' title="bbox 217 1464 1341 3196">
    <p class='ocr_par' dir='ltr' id='par_1_4' title="bbox 217 1464 1341 3196">
     <span class='ocr_line' id='line_1_9' title="bbox 217 1464 1338 1562; baseline -0.002 -24"><span class='ocrx_word' id='word_1_58' title='bbox 217 1466 322 1561; x_wconf 90' lang='lat' dir='ltr'>genio</span> <span class='ocrx_word' id='word_1_59' title='bbox 341 1471 375 1537; x_wconf 88' lang='lat' dir='ltr'>et</span> <span class='ocrx_word' id='word_1_60' title='bbox 403 1487 468 1560; x_wconf 90' lang='lat' dir='ltr'>pro</span> <span class='ocrx_word' id='word_1_61' title='bbox 489 1465 637 1553; x_wconf 91' lang='lat' dir='ltr'>ratione,</span> <span class='ocrx_word' id='word_1_62' title='bbox 661 1466 902 1561; x_wconf 76' lang='lat' dir='ltr'>manicasque,</span> <span class='ocrx_word' id='word_1_63' title='bbox 926 1464 1148 1562; x_wconf 86' lang='lat' dir='ltr'>voluptatum</span> <span class='ocrx_word' id='word_1_64' title='bbox 1168 1472 1203 1539; x_wconf 87' lang='lat' dir='ltr'>et</span> <span class='ocrx_word' id='word_1_65' title='bbox 1222 1465 1338 1539; x_wconf 90' lang='lat' dir='ltr'>domi-</span> 
     </span>
     <span class='ocr_line' id='line_1_10' title="bbox 219 1580 1340 1670; baseline 0.001 -17"><span class='ocrx_word' id='word_1_66' title='bbox 219 1581 373 1653; x_wconf 85' lang='lat' dir='ltr'>nationis</span> <span class='ocrx_word' id='word_1_67' title='bbox 395 1581 642 1670; x_wconf 88' lang='lat' dir='ltr'>instrumenta,</span> <span class='ocrx_word' id='word_1_68' title='bbox 661 1580 729 1654; x_wconf 91' lang='lat' dir='ltr'>sibi</span> <span class='ocrx_word' id='word_1_69' title='bbox 744 1581 911 1655; x_wconf 86' lang='lat' dir='ltr'>devinxit.</span> <span class='ocrx_word' id='word_1_70' title='bbox 934 1581 1084 1655; x_wconf 85' lang='lat' dir='ltr'>Foedum</span> <span class='ocrx_word' id='word_1_71' title='bbox 1105 1605 1190 1655; x_wconf 89' lang='lat' dir='ltr'>sane</span> <span class='ocrx_word' id='word_1_72' title='bbox 1212 1588 1246 1654; x_wconf 89' lang='lat' dir='ltr'>et</span> <span class='ocrx_word' id='word_1_73' title='bbox 1270 1582 1340 1655; x_wconf 90' lang='lat' dir='ltr'>de-</span> 
     </span>
     <span class='ocr_line' id='line_1_11' title="bbox 219 1696 1337 1796; baseline -0.001 -26"><span class='ocrx_word' id='word_1_74' title='bbox 219 1697 332 1771; x_wconf 81' lang='lat' dir='ltr'>forme</span> <span class='ocrx_word' id='word_1_75' title='bbox 360 1697 606 1794; x_wconf 81' lang='lat' dir='ltr'>spectaculum</span> <span class='ocrx_word' id='word_1_76' title='bbox 634 1696 796 1771; x_wconf 86' lang='lat' dir='ltr'>exhibuit</span> <span class='ocrx_word' id='word_1_77' title='bbox 824 1722 1020 1772; x_wconf 85' lang='lat' dir='ltr'>concursus</span> <span class='ocrx_word' id='word_1_78' title='bbox 1047 1698 1108 1771; x_wconf 90' lang='lat' dir='ltr'>ille</span> <span class='ocrx_word' id='word_1_79' title='bbox 1139 1722 1337 1796; x_wconf 72' lang='lat' dir='ltr'>gracorum</span> 
     </span>
     <span class='ocr_line' id='line_1_12' title="bbox 219 1814 1334 1912; baseline -0.002 -24"><span class='ocrx_word' id='word_1_80' title='bbox 219 1815 398 1888; x_wconf 86' lang='lat' dir='ltr'>artificum</span> <span class='ocrx_word' id='word_1_81' title='bbox 412 1815 456 1888; x_wconf 92' lang='lat' dir='ltr'>ad</span> <span class='ocrx_word' id='word_1_82' title='bbox 469 1839 529 1888; x_wconf 93' lang='lat' dir='ltr'>eos</span> <span class='ocrx_word' id='word_1_83' title='bbox 548 1814 653 1887; x_wconf 90' lang='lat' dir='ltr'>ludos</span> <span class='ocrx_word' id='word_1_84' title='bbox 671 1837 776 1911; x_wconf 87' lang='lat' dir='ltr'>quos,</span> <span class='ocrx_word' id='word_1_85' title='bbox 790 1822 935 1912; x_wconf 93' lang='lat' dir='ltr'>propter</span> <span class='ocrx_word' id='word_1_86' title='bbox 949 1839 1107 1890; x_wconf 87' lang='lat' dir='ltr'>eversam</span> <span class='ocrx_word' id='word_1_87' title='bbox 1125 1816 1334 1912; x_wconf 77' lang='lat' dir='ltr'>Olynthum,</span> 
     </span>
     <span class='ocr_line' id='line_1_13' title="bbox 219 1930 1338 2028; baseline 0.001 -25"><span class='ocrx_word' id='word_1_88' title='bbox 219 1930 405 2028; x_wconf 92' lang='lat' dir='ltr'>Philippus</span> <span class='ocrx_word' id='word_1_89' title='bbox 433 1955 452 2005; x_wconf 90' lang='lat' dir='ltr'>e</span> <span class='ocrx_word' id='word_1_90' title='bbox 476 1930 597 2027; x_wconf 87' lang='lat' dir='ltr'>spoliis</span> <span class='ocrx_word' id='word_1_91' title='bbox 625 1933 757 2004; x_wconf 80' lang='lat' dir='ltr'>Graecae</span> <span class='ocrx_word' id='word_1_92' title='bbox 789 1932 939 2006; x_wconf 87' lang='lat' dir='ltr'>civitatis</span> <span class='ocrx_word' id='word_1_93' title='bbox 966 1931 1168 2007; x_wconf 85' lang='lat' dir='ltr'>celebravit.</span> <span class='ocrx_word' id='word_1_94' title='bbox 1194 1936 1338 2028; x_wconf 85' lang='lat' dir='ltr'>«Capta</span> 
     </span>
     <span class='ocr_line' id='line_1_14' title="bbox 220 2048 1338 2147; baseline -0.001 -24"><span class='ocrx_word' id='word_1_95' title='bbox 220 2051 316 2123; x_wconf 90' lang='lat' dir='ltr'>enim</span> <span class='ocrx_word' id='word_1_96' title='bbox 337 2049 504 2144; x_wconf 77' lang='lat' dir='ltr'>Olyntho,</span> <span class='ocrx_word' id='word_1_97' title='bbox 524 2048 712 2144; x_wconf 88' lang='lat' dir='ltr'>Philippus</span> <span class='ocrx_word' id='word_1_98' title='bbox 727 2049 889 2147; x_wconf 76' lang='lat' dir='ltr'>Olympia</span> <span class='ocrx_word' id='word_1_99' title='bbox 908 2049 1003 2140; x_wconf 86' lang='lat' dir='ltr'>lecit,</span> <span class='ocrx_word' id='word_1_100' title='bbox 1026 2050 1155 2124; x_wconf 93' lang='lat' dir='ltr'>adhoc</span> <span class='ocrx_word' id='word_1_101' title='bbox 1174 2073 1253 2124; x_wconf 88' lang='lat' dir='ltr'>vcro</span> <span class='ocrx_word' id='word_1_102' title='bbox 1269 2048 1338 2122; x_wconf 86' lang='lat' dir='ltr'>les-</span> 
     </span>
     <span class='ocr_line' id='line_1_15' title="bbox 219 2156 1336 2263; baseline -0.003 -22"><span class='ocrx_word' id='word_1_103' title='bbox 219 2175 296 2242; x_wconf 86' lang='lat' dir='ltr'>tum</span> <span class='ocrx_word' id='word_1_104' title='bbox 325 2172 358 2238; x_wconf 92' lang='lat' dir='ltr'>et</span> <span class='ocrx_word' id='word_1_105' title='bbox 383 2164 624 2238; x_wconf 85' lang='lat' dir='ltr'>celebritatem</span> <span class='ocrx_word' id='word_1_106' title='bbox 652 2188 775 2238; x_wconf 90' lang='lat' dir='ltr'>omnes</span> <span class='ocrx_word' id='word_1_107' title='bbox 806 2166 960 2239; x_wconf 90' lang='lat' dir='ltr'>artifices</span> <span class='ocrx_word' id='word_1_108' title='bbox 985 2167 1226 2263; x_wconf 87' lang='lat' dir='ltr'>congregavit,</span> <span class='ocrx_word' id='word_1_109' title='bbox 1255 2156 1336 2240; x_wconf 92' lang='lat' dir='ltr'>illos</span> 
     </span>
     <span class='ocr_line' id='line_1_16' title="bbox 219 2281 1338 2380; baseline 0 -24"><span class='ocrx_word' id='word_1_110' title='bbox 219 2306 367 2380; x_wconf 88' lang='lat' dir='ltr'>pascens</span> <span class='ocrx_word' id='word_1_111' title='bbox 385 2288 418 2355; x_wconf 90' lang='lat' dir='ltr'>et</span> <span class='ocrx_word' id='word_1_112' title='bbox 438 2283 586 2355; x_wconf 89' lang='lat' dir='ltr'>victores</span> <span class='ocrx_word' id='word_1_113' title='bbox 606 2305 779 2355; x_wconf 88' lang='lat' dir='ltr'>coronans</span> <span class='ocrx_word' id='word_1_114' title='bbox 794 2281 859 2380; x_wconf 87' lang='lat'><strong>(3).</strong></span> <span class='ocrx_word' id='word_1_115' title='bbox 874 2313 889 2350; x_wconf 88' lang='lat'>»</span> <span class='ocrx_word' id='word_1_116' title='bbox 912 2283 977 2371; x_wconf 87' lang='lat' dir='ltr'>lta,</span> <span class='ocrx_word' id='word_1_117' title='bbox 1001 2306 1114 2380; x_wconf 91' lang='lat' dir='ltr'>quum</span> <span class='ocrx_word' id='word_1_118' title='bbox 1138 2307 1213 2356; x_wconf 91' lang='lat' dir='ltr'>non</span> <span class='ocrx_word' id='word_1_119' title='bbox 1228 2284 1338 2356; x_wconf 83' lang='lat' dir='ltr'>Athe-</span> 
     </span>
     <span class='ocr_line' id='line_1_17' title="bbox 219 2397 1337 2475; baseline 0 -2"><span class='ocrx_word' id='word_1_120' title='bbox 219 2401 360 2473; x_wconf 91' lang='lat' dir='ltr'>nienses</span> <span class='ocrx_word' id='word_1_121' title='bbox 378 2398 495 2472; x_wconf 91' lang='lat' dir='ltr'>solum</span> <span class='ocrx_word' id='word_1_122' title='bbox 511 2397 572 2470; x_wconf 91' lang='lat' dir='ltr'>sed</span> <span class='ocrx_word' id='word_1_123' title='bbox 587 2398 741 2471; x_wconf 88' lang='lat' dir='ltr'>universi</span> <span class='ocrx_word' id='word_1_124' title='bbox 757 2399 864 2473; x_wconf 87' lang='lat' dir='ltr'>etiam</span> <span class='ocrx_word' id='word_1_125' title='bbox 879 2399 992 2472; x_wconf 87' lang='lat' dir='ltr'>Graeci</span> <span class='ocrx_word' id='word_1_126' title='bbox 1008 2398 1163 2474; x_wconf 91' lang='lat' dir='ltr'>dirutam</span> <span class='ocrx_word' id='word_1_127' title='bbox 1181 2401 1337 2475; x_wconf 78' lang='lat' dir='ltr'>funditus</span> 
     </span>
     <span class='ocr_line' id='line_1_18' title="bbox 220 2514 1337 2614; baseline 0.004 -26"><span class='ocrx_word' id='word_1_128' title='bbox 220 2514 378 2590; x_wconf 89' lang='lat' dir='ltr'>nobilem</span> <span class='ocrx_word' id='word_1_129' title='bbox 394 2515 583 2605; x_wconf 89' lang='lat' dir='ltr'>civitatem,</span> <span class='ocrx_word' id='word_1_130' title='bbox 603 2522 721 2611; x_wconf 90' lang='lat' dir='ltr'>raptas</span> <span class='ocrx_word' id='word_1_131' title='bbox 738 2517 775 2588; x_wconf 93' lang='lat' dir='ltr'>in</span> <span class='ocrx_word' id='word_1_132' title='bbox 795 2516 998 2589; x_wconf 84' lang='lat' dir='ltr'>servitutem</span> <span class='ocrx_word' id='word_1_133' title='bbox 1016 2517 1188 2614; x_wconf 91' lang='lat' dir='ltr'>ingenuas</span> <span class='ocrx_word' id='word_1_134' title='bbox 1207 2519 1337 2592; x_wconf 89' lang='lat' dir='ltr'>mulie·</span> 
     </span>
     <span class='ocr_line' id='line_1_19' title="bbox 219 2633 1339 2730; baseline 0.004 -25"><span class='ocrx_word' id='word_1_135' title='bbox 219 2656 286 2720; x_wconf 92' lang='lat' dir='ltr'>res,</span> <span class='ocrx_word' id='word_1_136' title='bbox 312 2635 486 2730; x_wconf 88' lang='lat' dir='ltr'>ingenuos</span> <span class='ocrx_word' id='word_1_137' title='bbox 517 2655 646 2728; x_wconf 86' lang='lat' dir='ltr'>pueros</span> <span class='ocrx_word' id='word_1_138' title='bbox 676 2633 961 2729; x_wconf 84' lang='lat' dir='ltr'>indignarentur,</span> <span class='ocrx_word' id='word_1_139' title='bbox 990 2641 1025 2707; x_wconf 90' lang='lat' dir='ltr'>et</span> <span class='ocrx_word' id='word_1_140' title='bbox 1052 2658 1244 2709; x_wconf 90' lang='lat' dir='ltr'>commune</span> <span class='ocrx_word' id='word_1_141' title='bbox 1270 2637 1339 2710; x_wconf 93' lang='lat' dir='ltr'>hoc</span> 
     </span>
     <span class='ocr_line' id='line_1_20' title="bbox 219 2750 1339 2838; baseline 0.003 -16"><span class='ocrx_word' id='word_1_142' title='bbox 219 2751 349 2824; x_wconf 89' lang='lat' dir='ltr'>vulnus</span> <span class='ocrx_word' id='word_1_143' title='bbox 379 2751 486 2822; x_wconf 86' lang='lat' dir='ltr'>totius</span> <span class='ocrx_word' id='word_1_144' title='bbox 517 2750 661 2822; x_wconf 70' lang='lat' dir='ltr'>Graeciae</span> <span class='ocrx_word' id='word_1_145' title='bbox 691 2751 926 2838; x_wconf 89' lang='lat' dir='ltr'>aestimarent,</span> <span class='ocrx_word' id='word_1_146' title='bbox 949 2753 1079 2824; x_wconf 90' lang='lat' dir='ltr'>scenici</span> <span class='ocrx_word' id='word_1_147' title='bbox 1108 2776 1129 2825; x_wconf 87' lang='lat' dir='ltr'>a</span> <span class='ocrx_word' id='word_1_148' title='bbox 1155 2754 1339 2827; x_wconf 89' lang='lat' dir='ltr'>communi</span> 
     </span>
     <span class='ocr_line' id='line_1_21' title="bbox 221 2865 1338 2943; baseline 0.002 -3"><span class='ocrx_word' id='word_1_149' title='bbox 221 2868 430 2941; x_wconf 91' lang='lat' dir='ltr'>calamitatis</span> <span class='ocrx_word' id='word_1_150' title='bbox 458 2889 564 2939; x_wconf 91' lang='lat' dir='ltr'>sensu</span> <span class='ocrx_word' id='word_1_151' title='bbox 591 2868 640 2940; x_wconf 89' lang='lat' dir='ltr'>ita</span> <span class='ocrx_word' id='word_1_152' title='bbox 660 2865 952 2939; x_wconf 87' lang='lat' dir='ltr'>abalienaverunt</span> <span class='ocrx_word' id='word_1_153' title='bbox 976 2869 1114 2942; x_wconf 90' lang='lat' dir='ltr'>animos</span> <span class='ocrx_word' id='word_1_154' title='bbox 1138 2879 1178 2941; x_wconf 88' lang='lat' dir='ltr'>ut</span> <span class='ocrx_word' id='word_1_155' title='bbox 1202 2870 1338 2943; x_wconf 90' lang='lat' dir='ltr'>circum</span> 
     </span>
     <span class='ocr_line' id='line_1_22' title="bbox 220 2982 1338 3081; baseline 0.002 -25"><span class='ocrx_word' id='word_1_156' title='bbox 220 2986 390 3058; x_wconf 86' lang='lat' dir='ltr'>victorem</span> <span class='ocrx_word' id='word_1_157' title='bbox 418 2982 694 3078; x_wconf 79' lang='lat' dir='ltr'>frequentissimi</span> <span class='ocrx_word' id='word_1_158' title='bbox 723 2983 958 3071; x_wconf 82' lang='lat' dir='ltr'>confluerent,</span> <span class='ocrx_word' id='word_1_159' title='bbox 986 2982 1170 3081; x_wconf 89' lang='lat' dir='ltr'>spoliaque</span> <span class='ocrx_word' id='word_1_160' title='bbox 1201 2986 1338 3059; x_wconf 82' lang='lat' dir='ltr'>miserae</span> 
     </span>
     <span class='ocr_line' id='line_1_23' title="bbox 221 3098 1341 3196; baseline -0.001 -20"><span class='ocrx_word' id='word_1_161' title='bbox 221 3103 370 3176; x_wconf 88' lang='lat' dir='ltr'>civitatis</span> <span class='ocrx_word' id='word_1_162' title='bbox 389 3108 423 3174; x_wconf 91' lang='lat' dir='ltr'>et</span> <span class='ocrx_word' id='word_1_163' title='bbox 439 3100 595 3196; x_wconf 86' lang='lat' dir='ltr'>captivos</span> <span class='ocrx_word' id='word_1_164' title='bbox 612 3099 775 3195; x_wconf 88' lang='lat' dir='ltr'>largienti</span> <span class='ocrx_word' id='word_1_165' title='bbox 793 3098 1053 3173; x_wconf 88' lang='lat' dir='ltr'>blandirentur.</span> <span class='ocrx_word' id='word_1_166' title='bbox 1070 3099 1208 3174; x_wconf 80' lang='lat' dir='ltr'>hdditae</span> <span class='ocrx_word' id='word_1_167' title='bbox 1223 3104 1341 3176; x_wconf 86' lang='lat' dir='ltr'>convi-</span> 
     </span>
    </p>
   </div>
   <div class='ocr_carea' id='block_1_5' title="bbox 220 3214 1340 3424">
    <p class='ocr_par' dir='ltr' id='par_1_5' title="bbox 220 3214 1340 3424">
     <span class='ocr_line' id='line_1_24' title="bbox 220 3214 1340 3316; baseline 0.003 -27"><span class='ocrx_word' id='word_1_168' title='bbox 220 3219 361 3292; x_wconf 88' lang='lat' dir='ltr'>viorum</span> <span class='ocrx_word' id='word_1_169' title='bbox 388 3215 569 3289; x_wconf 81' lang='lat' dir='ltr'>illecebrae</span> <span class='ocrx_word' id='word_1_170' title='bbox 598 3214 730 3311; x_wconf 88' lang='lat' dir='ltr'>quibus</span> <span class='ocrx_word' id='word_1_171' title='bbox 758 3215 910 3287; x_wconf 85' lang='lat' dir='ltr'>maxime</span> <span class='ocrx_word' id='word_1_172' title='bbox 940 3216 1104 3289; x_wconf 91' lang='lat' dir='ltr'>deditum</span> <span class='ocrx_word' id='word_1_173' title='bbox 1133 3217 1203 3292; x_wconf 91' lang='lat' dir='ltr'>hoc</span> <span class='ocrx_word' id='word_1_174' title='bbox 1226 3243 1340 3316; x_wconf 89' lang='lat' dir='ltr'>genus</span> 
     </span>
     <span class='ocr_line' id='line_1_25' title="bbox 222 3325 1340 3424; baseline 0.004 -23"><span class='ocrx_word' id='word_1_175' title='bbox 222 3328 426 3402; x_wconf 82' lang='lat' dir='ltr'>Aristoteles</span> <span class='ocrx_word' id='word_1_176' title='bbox 440 3326 708 3415; x_wconf 89' lang='lat' dir='ltr'>animadvertit,</span> <span class='ocrx_word' id='word_1_177' title='bbox 734 3325 915 3424; x_wconf 85' lang='lat' dir='ltr'>divisaque</span> <span class='ocrx_word' id='word_1_178' title='bbox 934 3329 1028 3403; x_wconf 91' lang='lat' dir='ltr'>inter</span> <span class='ocrx_word' id='word_1_179' title='bbox 1049 3331 1247 3424; x_wconf 88' lang='lat' dir='ltr'>potandum</span> <span class='ocrx_word' id='word_1_180' title='bbox 1267 3357 1340 3406; x_wconf 91' lang='lat' dir='ltr'>am-</span> 
     </span>
    </p>
   </div>
   <div class='ocr_carea' id='block_1_6' title="bbox 221 3444 1340 3663">
    <p class='ocr_par' dir='ltr' id='par_1_6' title="bbox 221 3444 1340 3663">
     <span class='ocr_line' id='line_1_26' title="bbox 221 3444 1340 3543; baseline 0.002 -23"><span class='ocrx_word' id='word_1_181' title='bbox 221 3447 379 3543; x_wconf 89' lang='lat' dir='ltr'>plissima</span> <span class='ocrx_word' id='word_1_182' title='bbox 396 3468 547 3518; x_wconf 89' lang='lat' dir='ltr'>munera</span> <span class='ocrx_word' id='word_1_183' title='bbox 566 3468 721 3540; x_wconf 90' lang='lat' dir='ltr'>quorum</span> <span class='ocrx_word' id='word_1_184' title='bbox 741 3444 947 3517; x_wconf 90' lang='lat' dir='ltr'>avidissimi.</span> <span class='ocrx_word' id='word_1_185' title='bbox 973 3448 1014 3518; x_wconf 95' lang='lat' dir='ltr'>ln</span> <span class='ocrx_word' id='word_1_186' title='bbox 1032 3446 1174 3543; x_wconf 90' lang='lat' dir='ltr'>quibus,</span> <span class='ocrx_word' id='word_1_187' title='bbox 1197 3451 1340 3543; x_wconf 90' lang='lat' dir='ltr'>paucis-</span> 
     </span>
     <span class='ocr_line' id='line_1_27' title="bbox 221 3563 1335 3663; baseline 0.001 -27"><span class='ocrx_word' id='word_1_188' title='bbox 221 3565 301 3637; x_wconf 89' lang='lat' dir='ltr'>simi</span> <span class='ocrx_word' id='word_1_189' title='bbox 326 3563 438 3659; x_wconf 79' lang='lat' dir='ltr'>Satyri</span> <span class='ocrx_word' id='word_1_190' title='bbox 454 3563 606 3636; x_wconf 88' lang='lat' dir='ltr'>comoedi</span> <span class='ocrx_word' id='word_1_191' title='bbox 626 3564 953 3659; x_wconf 89' lang='lat' dir='ltr'>magnanimitatem</span> <span class='ocrx_word' id='word_1_192' title='bbox 973 3565 1131 3638; x_wconf 88' lang='lat' dir='ltr'>aemulati</span> <span class='ocrx_word' id='word_1_193' title='bbox 1149 3574 1232 3638; x_wconf 86' lang='lat' dir='ltr'>sunt</span> <span class='ocrx_word' id='word_1_194' title='bbox 1261 3564 1335 3663; x_wconf 78' lang='lat' dir='ltr'>(l);</span> 
     </span>
    </p>
   </div>
   <div class='ocr_carea' id='block_1_7' title="bbox 219 3859 1339 4612">
    <p class='ocr_par' dir='ltr' id='par_1_7' title="bbox 219 3859 1336 4138">
     <span class='ocr_line' id='line_1_28' title="bbox 261 3859 1336 3949; baseline 0 -19"><span class='ocrx_word' id='word_1_195' title='bbox 261 3865 303 3949; x_wconf 79' lang='lat' dir='ltr'>(l)</span> <span class='ocrx_word' id='word_1_196' title='bbox 326 3863 420 3928; x_wconf 84' lang='lat' dir='ltr'>Duris</span> <span class='ocrx_word' id='word_1_197' title='bbox 439 3864 564 3930; x_wconf 86' lang='lat' dir='ltr'>Samius</span> <span class='ocrx_word' id='word_1_198' title='bbox 584 3861 669 3944; x_wconf 88' lang='lat' dir='ltr'>apud</span> <span class='ocrx_word' id='word_1_199' title='bbox 683 3860 898 3940; x_wconf 83' lang='lat' dir='ltr'>Plutarchum,</span> <span class='ocrx_word' id='word_1_200' title='bbox 915 3859 1026 3940; x_wconf 72' lang='lat' dir='ltr'>Areia,</span> <span class='ocrx_word' id='word_1_201' title='bbox 1053 3865 1107 3941; x_wconf 72' lang='lat'>22;</span> <span class='ocrx_word' id='word_1_202' title='bbox 1123 3865 1252 3944; x_wconf 70' lang='lat' dir='ltr'>Athen„</span> <span class='ocrx_word' id='word_1_203' title='bbox 1269 3869 1336 3945; x_wconf 85' lang='grc' dir='ltr'>ΧΠ,</span> 
     </span>
     <span class='ocr_line' id='line_1_29' title="bbox 219 3968 726 4138; baseline -0.022 -16"><span class='ocrx_word' id='word_1_204' title='bbox 219 3978 253 4042; x_wconf 44' lang='lat' dir='ltr'>p·</span> <span class='ocrx_word' id='word_1_205' title='bbox 263 3968 500 4138; x_wconf 50' lang='lat' dir='ltr'>(5235Plutarch,</span> <span class='ocrx_word' id='word_1_206' title='bbox 514 4049 660 4135; x_wconf 66' lang='lat' dir='ltr'>Lysond„</span> <span class='ocrx_word' id='word_1_207' title='bbox 677 4053 726 4113; x_wconf 90' lang='lat' dir='ltr'>l8.</span> 
     </span>
    </p>

    <p class='ocr_par' dir='ltr' id='par_1_8' title="bbox 221 4143 1339 4612">
     <span class='ocr_line' id='line_1_30' title="bbox 266 4143 1335 4232; baseline -0.001 -17"><span class='ocrx_word' id='word_1_208' title='bbox 266 4152 306 4232; x_wconf 85' lang='lat'>(3)</span> <span class='ocrx_word' id='word_1_209' title='bbox 328 4153 503 4226; x_wconf 88' lang='lat' dir='ltr'>Demosth.,</span> <span class='ocrx_word' id='word_1_210' title='bbox 522 4149 565 4209; x_wconf 84' lang='lat' dir='ltr'>De</span> <span class='ocrx_word' id='word_1_211' title='bbox 586 4145 661 4207; x_wconf 80' lang='lat' dir='ltr'>mate</span> <span class='ocrx_word' id='word_1_212' title='bbox 676 4152 758 4225; x_wconf 74' lang='lat' dir='ltr'>perta</span> <span class='ocrx_word' id='word_1_213' title='bbox 777 4143 936 4224; x_wconf 73' lang='lat' dir='ltr'>legatione,</span> <span class='ocrx_word' id='word_1_214' title='bbox 966 4147 1082 4223; x_wconf 57' lang='lat' dir='ltr'>leh-rh</span> <span class='ocrx_word' id='word_1_215' title='bbox 1107 4147 1147 4209; x_wconf 90' lang='lat' dir='ltr'>cf.</span> <span class='ocrx_word' id='word_1_216' title='bbox 1170 4149 1335 4231; x_wconf 89' lang='lat' dir='ltr'>Diodorus,</span> 
     </span>
     <span class='ocr_line' id='line_1_31' title="bbox 221 4247 1339 4421; baseline 0 -17"><span class='ocrx_word' id='word_1_217' title='bbox 221 4247 305 4421; x_wconf 69' lang='lat' dir='ltr'>Xlll</span> <span class='ocrx_word' id='word_1_218' title='bbox 319 4251 505 4410; x_wconf 64' lang='lat' dir='ltr'>5llemosth„</span> <span class='ocrx_word' id='word_1_219' title='bbox 528 4334 656 4398; x_wconf 72' lang='lat' dir='ltr'>loia·</span> <span class='ocrx_word' id='word_1_220' title='bbox 677 4335 778 4405; x_wconf 82' lang='lat' dir='ltr'>Quam</span> <span class='ocrx_word' id='word_1_221' title='bbox 798 4338 835 4393; x_wconf 87' lang='lat' dir='ltr'>ut</span> <span class='ocrx_word' id='word_1_222' title='bbox 853 4339 1002 4412; x_wconf 89' lang='lat' dir='ltr'>augeret,</span> <span class='ocrx_word' id='word_1_223' title='bbox 1024 4334 1146 4398; x_wconf 84' lang='lat' dir='ltr'>addidit</span> <span class='ocrx_word' id='word_1_224' title='bbox 1158 4337 1339 4404; x_wconf 84' lang='lat' dir='ltr'>scholiastes</span> 
     </span>
     <span class='ocr_line' id='line_1_32' title="bbox 225 4427 1339 4516; baseline -0.005 -19"><span class='ocrx_word' id='word_1_225' title='bbox 225 4453 437 4516; x_wconf 71' lang='lat' dir='ltr'>«quanquam</span> <span class='ocrx_word' id='word_1_226' title='bbox 451 4435 512 4494; x_wconf 93' lang='lat' dir='ltr'>hoc</span> <span class='ocrx_word' id='word_1_227' title='bbox 533 4450 634 4511; x_wconf 88' lang='lat' dir='ltr'>genus</span> <span class='ocrx_word' id='word_1_228' title='bbox 650 4428 785 4489; x_wconf 86' lang='lat' dir='ltr'>maxime</span> <span class='ocrx_word' id='word_1_229' title='bbox 800 4427 840 4487; x_wconf 80' lang='lat' dir='ltr'>sit</span> <span class='ocrx_word' id='word_1_230' title='bbox 854 4428 992 4505; x_wconf 90' lang='lat' dir='ltr'>proclive</span> <span class='ocrx_word' id='word_1_231' title='bbox 1006 4429 1047 4490; x_wconf 88' lang='lat' dir='ltr'>ad</span> <span class='ocrx_word' id='word_1_232' title='bbox 1060 4430 1232 4508; x_wconf 81' lang='lat' dir='ltr'>petendum</span> <span class='ocrx_word' id='word_1_233' title='bbox 1249 4441 1282 4497; x_wconf 86' lang='lat' dir='ltr'>et</span> <span class='ocrx_word' id='word_1_234' title='bbox 1299 4438 1339 4498; x_wconf 81' lang='lat' dir='ltr'>ad</span> 
     </span>
     <span class='ocr_line' id='line_1_33' title="bbox 222 4522 928 4612; baseline -0.014 -18"><span class='ocrx_word' id='word_1_235' title='bbox 222 4531 452 4612; x_wconf 86' lang='lat' dir='ltr'>accipiendum.</span> <span class='ocrx_word' id='word_1_236' title='bbox 467 4550 482 4587; x_wconf 78' lang='lat' dir='ltr'>n</span> <span class='ocrx_word' id='word_1_237' title='bbox 501 4526 607 4590; x_wconf 89' lang='lat' dir='ltr'>Schol.</span> <span class='ocrx_word' id='word_1_238' title='bbox 624 4522 799 4599; x_wconf 86' lang='lat' dir='ltr'>Demosth.,</span> <span class='ocrx_word' id='word_1_239' title='bbox 813 4541 845 4601; x_wconf 94' lang='lat' dir='ltr'>p.</span> <span class='ocrx_word' id='word_1_240' title='bbox 860 4525 928 4584; x_wconf 76' lang='lat'>371.</span> 
     </span>
    </p>
   </div>
   <div class='ocr_carea' id='block_1_8' title="bbox 0 0 1567 5302">
    <p class='ocr_par' dir='ltr' id='par_1_9' title="bbox 0 0 1567 5302">
     <span class='ocr_line' id='line_1_34' title="bbox 0 0 1567 5302; baseline 0 0"><span class='ocrx_word' id='word_1_241' title='bbox 0 0 1567 5302; x_wconf 95' lang='lat' dir='ltr'> </span> 
     </span>
    </p>
   </div>
  </div>
 </body>
</html>
