3120 5302
691 545 851 603 ...55-

218 679 369 752 artifices
385 677 428 750 ad
450 678 614 773 Dionysia
633 675 931 749 conducerentur.
955 679 994 748 ln
1013 677 1160 771 pecunia
1179 675 1329 749 locanda

218 801 249 864 et
259 791 405 881 tuenda,
419 794 509 865 mira
520 791 703 889 diligentia
714 793 924 866 donantium
937 800 1001 883 est,
1014 815 1058 864 ne
1075 793 1329 888 quidmuneris

217 909 270 980 sui
285 916 407 1005 pereat
420 909 474 981 101
492 907 537 981 ad
554 909 642 981 alios
659 931 744 981 usus
757 909 980 996 traducatur3
1005 932 1085 1005 quae
1099 908 1219 981 omnia
1233 931 1329 981 sena·

217 1033 272 1097 tus
291 1025 434 1097 decreto
462 1026 595 1098 sancita
614 1032 648 1097 et
666 1025 937 1120 magistratuum
958 1024 1052 1097 curis
1068 1022 1324 1099 administrata.

217 1141 358 1214 Locatio
373 1141 468 1214 enim
484 1141 647 1237 pecunia
667 1164 729 1236 per
749 1148 911 1213 senatum
929 1140 1007 1213 fieri
1025 1138 1141 1228 debet,
1157 1143 1331 1236 praconis

217 1280 298 1330 voce
317 1259 494 1347 nuntiata,
511 1281 552 1330 ea
568 1255 773 1330 conditione
787 1261 827 1329 ut
844 1278 988 1353 quoque
1006 1279 1128 1329 mense
1145 1281 1218 1331 una
1234 1260 1332 1332 mina

218 1376 305 1446 duas
320 1372 507 1447 drachmas
527 1373 618 1447 serat
632 1397 701 1446 nec
719 1373 970 1474 credaturnisi
989 1371 1104 1445 tribus
1118 1374 1200 1445 viris
1224 1373 1330 1448 locu-

218 1488 372 1586 pletibus
387 1497 421 1562 et
445 1496 529 1590 natu
551 1487 746 1587 grandibus
757 1515 766 1576 ;
785 1487 963 1584 aquibus,
982 1489 1010 1561 si
1030 1511 1102 1562 non
1123 1495 1253 1561 statuto
1273 1490 1330 1564 die

219 1606 333 1679 loenus
356 1605 522 1694 solvatur,
550 1606 681 1703 duplex
709 1605 923 1704 exigendum
948 1606 1004 1678 sit.
1036 1604 1140 1702 Apud
1169 1616 1330 1679 senatum

218 1745 360 1819 quoque
383 1722 546 1819 pecuniae
565 1724 781 1818 insumptus
803 1729 952 1818 erogata
971 1721 1059 1794 ratio
1080 1720 1262 1796 reddenda
1279 1733 1332 1798 est

218 1840 283 1938 ipsi
301 1843 523 1939 agonotheta
543 1843 581 1914 in
605 1865 726 1938 quem,
751 1839 882 1937 siquid
901 1842 1109 1937 peccaverit,
1132 1845 1329 1918 secundum

218 1956 331 2053 legem
354 1956 531 2053 agendum
554 1957 887 2054 nomophylacibus,
914 1959 1057 2030 11011111
1083 1958 1160 2029 oliic
1180 1959 1333 2055 pecuniis

219 2075 322 2147 100111
338 2085 370 2146 et
386 2072 556 2172 publicis(
581 2072 608 2172 )

265 2190 337 2264 Nec
358 2190 478 2262 minus
494 2188 590 2286 quod
609 2191 655 2263 ad
676 2189 926 2264 conducendos
947 2189 1098 2264 artifices
1116 2197 1248 2288 spectat
1263 2217 1331 2288 pu-

218 2305 309 2381 blice
332 2330 397 2402 per
423 2307 646 2402 magistratus
668 2313 892 2402 procuratur.
924 2335 941 2374 «
961 2307 1088 2380 Mittito
1118 2308 1250 2396 civitas,
1274 2332 1335 2382 se-

218 2424 377 2496 cundum
398 2423 620 2519 agonotheta
640 2422 767 2520 legem,
793 2423 838 2495 ad
855 2421 1106 2497 conducendos
1128 2424 1281 2499 artifices
1300 2432 1335 2498 et

218 2541 397 2635 Dionysia,
419 2563 460 2612 011
476 2563 547 2636 quo
562 2541 745 2636 incipient,
763 2540 875 2613 altero
898 2563 1042 2638 quoque
1062 2565 1156 2616 anno
1173 2552 1329 2640 peragat,

217 2658 286 2730 nisi
318 2655 455 2730 bellum
488 2655 624 2747 obstet,
654 2649 900 2730 differentibus
924 2663 1049 2731 senatu
1081 2666 1116 2732 et
1144 2662 1330 2734 concione.

218 2772 431 2874 conducite,
455 2795 474 2844 0
499 2772 635 2846 foenore
663 2774 773 2846 trium
808 2771 1042 2862 talentorum,
1076 2777 1334 2872 quinquaginta

218 2891 398 2961 minarum
421 2888 687 2962 Corinthiarum
709 2890 836 2986 pretio,
850 2898 930 2964 'tres
958 2889 1135 2980 tibicines,
1166 2899 1238 2964 tres
1261 2900 1332 2966 tra·

217 3007 351 3102 gordos,
373 3013 444 3078 tres
463 3005 643 3080 comoedos
663 3005 715 3104 (id
734 3012 799 3093 est,
817 3013 888 3078 tres
910 3029 1031 3103 greges
1051 3008 1201 3103 tragicos
1217 3016 1252 3082 et
1270 3032 1333 3082 co-

218 3122 343 3221 micos)
349 3174 452 3195 .......
472 3126 587 3197 Danto
614 3145 756 3220 quoque
784 3121 979 3196 artificibus
1003 3146 1022 3195 e
1042 3123 1176 3197 loenore
1200 3125 1332 3199 victum

214 3239 365 3335 justum,
381 3239 1022 3335 1101011111111111011111111111101111.»
1045 3239 1081 3311 Si
1100 3247 1244 3337 propter
1261 3240 1334 3316 bel-

217 3355 293 3428 lum
303 3363 364 3428 aut
376 3355 480 3427 aliam
493 3353 720 3428 causamludi
730 3355 848 3452 peragi
861 3378 932 3428 nou
942 3363 1101 3451 possunt,
1113 3358 1265 3454 pecunia
1275 3381 1334 3432 cu·

218 3472 346 3545 mulari
365 3471 468 3545 debet
476 3499 486 3560 ;
504 3473 532 3544 si
545 3461 689 3568 peccato
705 3471 854 3545 civitatis
867 3495 940 3544 non
952 3471 993 3544 lit
1006 3495 1092 3545 usus
1106 3475 1333 3570 prascriptus

218 3589 391 3676 muneris,
402 3587 444 3660 de
463 3588 615 3684 pecunia
632 3588 728 3662 cadit
744 3610 852 3684 quam
866 3586 932 3662 sibi
946 3586 1157 3662 donantium
1172 3590 1332 3664 haeredes

217 3703 460 3778 vindicabunt.

264 3819 422 3892 Titulum
450 3819 712 3915 longissimum,
733 3808 976 3893 1161011111111
1000 3829 1195 3913 exaratum,
1220 3846 1330 3920 quam

218 3935 420 4010 brevissime
447 3935 604 4031 exposui.
641 3938 731 4008 Sunt
760 3942 879 4008 tamen
912 3937 1076 4032 quaedam
1106 3938 1262 4012 notanda
1290 3941 1334 4014 de

218 4051 381 4126 mercede
396 4051 587 4126 artificum.
613 4050 729 4137 Quam
748 4051 777 4122 si
797 4058 892 4124 recte
913 4058 1120 4147 computare
1140 4053 1239 4144 velis,
1259 4079 1333 4129 me-

220 4169 361 4242 minisse
381 4174 519 4265 oportet
545 4166 642 4263 quod
666 4166 774 4239 fuerit
793 4173 880 4240 tunc
904 4167 1070 4263 temporis
1089 4170 1283 4264 pecuniael
1313 4215 1332 4228 ι

257 4446 295 4522 (l)
320 4443 431 4523 Corpus
443 4447 533 4502 inser.
548 4461 607 4521 pr„
619 4444 706 4511 1815,
719 4440 740 4502 1.
757 4443 826 4502 105.

261 4537 302 4616 11)
324 4536 437 4616 Corpus
447 4540 535 4597 tmen.
551 4555 612 4615 qr„
629 4537 717 4612 1815,
734 4534 756 4596 1.
774 4535 881 4596 15-15.
