3120 5302
827 536 985 592 ..42-

348 673 486 740 eratne
506 668 696 741 histriones
711 667 885 765 stipendia
909 670 1065 741 lacerent
1085 664 1151 765 (1).
1175 664 1260 756 Sed,
1284 665 1322 738 in
1342 665 1467 738 eadem

348 785 566 871 conditione,
599 807 713 856 causae
748 784 993 858 diversissimae
1014 810 1022 856 :
1044 783 1102 871 hi,
1130 782 1176 856 ob
1207 779 1467 879 turpitudinem

347 898 502 992 artificii,
525 899 726 997 legionibus
744 901 889 988 exclusi,
916 900 983 986 illi,
1005 900 1153 973 honoris
1171 905 1205 973 et
1229 899 1319 973 sacri
1340 898 1467 970 minis-

347 1016 427 1087 terii
445 1016 569 1111 gratia,
590 1017 717 1090 militia
736 1018 926 1090 immunes.
949 1016 1064 1113 Hujus
1087 1014 1253 1089 beneficii
1270 1021 1467 1100 auctorem,

347 1132 375 1204 si
390 1130 544 1206 Diodoro
555 1133 674 1208 Siculo
687 1133 876 1220 credimus
890 1134 1008 1230 ipsum
1022 1131 1201 1207 Bacchum
1210 1140 1345 1205 veteres
1355 1131 1466 1205 Graeci

347 1255 574 1344 putaverunt.
604 1279 621 1315 α
642 1249 805 1323 Bacchus
828 1249 1036 1344 thymelicos
1053 1249 1160 1323 etiam
1180 1247 1285 1322 ludos
1304 1246 1476 1336 instituit,

347 1365 486 1439 theatra
499 1366 658 1440 exhibuit
674 1373 708 1439 et
720 1367 940 1439 musicorum
956 1372 1197 1440 acroamatum
1211 1363 1350 1438 scholas
1363 1387 1467 1438 cons-

348 1481 453 1553 tituit.
469 1483 523 1554 Ad
538 1481 604 1555 hoo
620 1481 701 1554 illos
723 1481 877 1579 publicis
895 1482 1104 1556 muneribus
1126 1483 1306 1556 immunes
1323 1501 1399 1554 esse
1412 1501 1468 1552 vo

347 1594 426 1684 luit,
453 1595 514 1690 qui
537 1596 575 1668 in
601 1596 887 1692 expeditionibus
902 1597 1039 1671 bellicis
1053 1596 1189 1695 aliquid
1214 1597 1360 1671 musicae
1383 1597 1468 1671 artis

347 1717 549 1784 tractarent.
577 1710 683 1811 Unde
702 1714 839 1787 musica
864 1715 1088 1788 scenicorum
1114 1713 1292 1788 artificum
1318 1712 1467 1810 collegia

346 1828 477 1923 posteri
493 1828 726 1903 instituerunt
741 1837 775 1902 ct
790 1831 915 1904 stodiis
930 1832 1027 1905 hisce
1040 1830 1179 1905 deditos
1197 1833 1380 1904 immunes
1392 1853 1466 1904 esse

343 1943 525 2039 jusserunt
546 1943 611 2044 (3).
632 1977 647 2014 »

396 2064 493 2135 Hanc
517 2064 737 2137 vacationem
764 2063 913 2150 militie,
941 2064 1008 2137 deo
1034 2071 1191 2154 auctore,
1218 2064 1467 2153 Athenienses,

348 2179 595 2252 Demosthenis
618 2187 734 2272 aetate,
764 2180 912 2253 scenicis
931 2179 1097 2254 tribuisse
1110 2180 1288 2270 videntur,
1305 2181 1367 2254 sed
1388 2203 1467 2254 eam

347 2316 414 2366 nec
437 2301 644 2391 perpetuam
666 2321 732 2371 nec
759 2297 932 2369 universis
960 2319 1177 2370 concessam.
1209 2298 1468 2371 Demosthenes

347 2410 444 2483 enim
459 2411 503 2484 de
517 2414 697 2487 Sannione
713 2420 748 2486 et
763 2411 915 2486 Aristide
931 2413 1034 2487 verba
1054 2413 1150 2505 lecit,
1172 2415 1364 2488 chororum
1386 2435 1468 2486 ma-

347 2526 476 2623 gistris,
511 2530 571 2623 qui
593 2528 640 2602 ob
664 2531 839 2604 desertam
855 2530 1019 2602 militiam
1047 2529 1207 2603 damnati
1235 2530 1379 2604 fuerant
1408 2530 1467 2624 (Io

347 2643 509 2732 Midicca,
531 2650 588 2731 58,
601 2645 675 2745 59).
696 2651 882 2737 Praeterea,
902 2670 1109 2743 quanquam
1126 2648 1163 2720 id
1173 2648 1344 2720 usitatum
1359 2654 1468 2743 atque

347 2760 454 2832 etiam
468 2760 544 2857 lege
561 2768 676 2835 ratum
691 2762 805 2836 iuerat
818 2768 871 2850 ut,
889 2763 950 2859 qui
972 2762 1145 2858 Dionysiis
1157 2763 1264 2866 chori
1278 2763 1468 2860 participes

348 2877 460 2950 futuri
475 2885 615 2970 essent,
635 2878 763 2952 militia
789 2886 975 2968 vacarent,
1007 2878 1133 2952 Midias
1162 2878 1402 2975 hipparchus,
1428 2885 1468 2951 ut

347 2995 593 3069 Demosthenis
615 2996 766 3070 chorum
782 2995 959 3086 turbaret,
985 3017 1057 3068 non
1081 2996 1158 3067 sirit
1182 2993 1260 3093 ejus
1277 2995 1467 3069 choreutas

347 3111 525 3186 immunes
540 3136 615 3186 esse
633 3114 689 3208 (Iu
709 3113 880 3203 Midioen,
907 3118 967 3201 15;
994 3111 1125 3198 Sobel„
1149 3136 1185 3208 p.
1206 3116 1291 3200 519,
1321 3113 1397 3207 ll).
1418 3117 1467 3182 Ex

346 3250 417 3323 quo
431 3228 570 3301 videtur
588 3236 670 3301 tunc
688 3230 869 3326 temporis,
887 3229 923 3300 in
934 3228 1208 3303 Atheniensium
1218 3227 1370 3310 civitate,
1388 3251 1466 3301 eam

346 3344 583 3436 vacationem,
609 3367 681 3418 non
711 3346 779 3418 nisi
803 3345 1031 3441 permittente
1050 3344 1208 3441 legitimo
1234 3345 1463 3441 magistratu,

347 3459 494 3533 concedi
512 3460 681 3555 potuisse.
712 3464 787 3534 Hoc
806 3466 926 3533 tamen
946 3459 1088 3553 Midiae,
1109 3465 1174 3533 etsi
1193 3458 1305 3557 alege
1321 3467 1463 3552 actum,

346 3577 479 3672 impuri
507 3576 663 3650 hominis
687 3579 801 3650 risum
827 3583 880 3649 est
906 3585 939 3650 et
969 3577 1080 3673 magis
1103 3577 1247 3672 privato
1276 3576 1466 3651 simultatis

347 3715 455 3788 quam
474 3692 609 3788 publici
634 3716 715 3789 erga
734 3695 912 3766 civitatem
936 3690 1058 3766 studii.
1086 3695 1177 3765 Usus
1200 3693 1298 3765 enim
1317 3691 1465 3766 invaluit

347 3814 386 3880 ut
405 3808 584 3882 choreutis
603 3809 640 3880 in
663 3831 797 3882 annum
818 3809 975 3882 muneris
991 3808 1199 3881 immunitas
1217 3808 1361 3882 daretur
1368 3835 1378 3896 ;
1397 3831 1466 3905 qua

347 3923 513 3998 facultate
541 3925 641 3998 abusi
668 3926 812 4023 choragi
833 3948 893 3998 eos
910 3924 1059 4021 juvenes
1083 3924 1310 4019 potissimum
1329 3923 1464 4021 delige-

345 4039 431 4114 bant
446 4042 576 4138 quibus
589 4068 654 4141 per
668 4049 807 4117 aetatem
824 4040 1052 4115 militandum
1068 4046 1157 4114 erat.
1179 4043 1266 4127 Quae
1281 4040 1394 4113 nimia
1412 4040 1464 4115 la-

346 4158 459 4231 cilitas
476 4158 564 4233 adeo
579 4160 779 4256 perniciosa
793 4158 885 4231 facta
899 4166 953 4230 est
965 4163 1005 4229 ut
1021 4157 1289 4240 Demosthenes,
1307 4150 1347 4230 in
1362 4156 1465 4229 tertia

345 4275 504 4349 oratione
515 4275 737 4373 Olynthiaca,
754 4298 827 4349 non
844 4273 955 4370 magis
970 4273 1065 4370 leges
1076 4274 1120 4347 de
1131 4272 1298 4347 theatrali
1314 4274 1465 4370 pecunia

385 4539 429 4621 (l)
442 4541 558 4615 Livius,
574 4542 639 4617 Vll,
655 4546 685 4603 2.
697 4574 737 4587 -
748 4539 790 4620 (Ξ)
811 4537 975 4609 Diodorus,
991 4537 1044 4612 IV,
1060 4539 1091 4596 5.
