3120 5302
797 521 956 586 ..4ss-

320 653 520 755 politanum
540 658 710 732 exercitui
730 656 931 732 Cleomenis
957 663 1191 731 occurerrunt
1213 676 1234 727 a
1265 672 1336 751 quo
1365 670 1438 725 non

319 771 426 850 modo
446 799 520 850 non
540 775 653 849 vexati
668 781 763 862 sunt,
785 775 848 848 sed
868 775 973 847 etiam
992 772 1077 869 ipsis
1098 768 1278 844 incastris
1300 766 1438 842 editum

319 891 563 989 spectaculum
583 897 618 964 et
637 893 816 989 proposita
837 890 1030 964 victoribus
1055 887 1202 986 praemia
1227 885 1292 986 (l).
1323 888 1438 981 Supe-

318 1007 412 1079 riore
448 1006 523 1104 J‘am
559 1006 708 1094 saeculo,
747 1030 860 1104 quum
890 1012 985 1080 terra
1021 1005 1183 1102 marique
1217 1001 1438 1076 decertarent

318 1121 552 1196 Athenienses
587 1129 622 1196 et
661 1122 861 1219 Philippus,
902 1121 1042 1196 duobus
1075 1118 1255 1194 actoribus
1285 1116 1433 1205 Atticis,

318 1236 541 1312 Aristodemo
559 1244 593 1312 et
611 1238 856 1335 Neoptolemo,
876 1237 978 1312 nullo
996 1235 1190 1324 obstaculo,
1214 1232 1316 1308 nullo
1337 1233 1437 1329 peri-

318 1352 414 1442 culo,
445 1355 594 1428 Athenis
624 1355 733 1444 exire,
763 1354 805 1427 ad
831 1377 951 1451 regem
977 1351 1191 1428 Macedoniae
1211 1349 1433 1437 adeundum,

318 1492 416 1545 mare
449 1469 618 1544 infestum
650 1469 876 1567 praedonibus
906 1470 1070 1558 transire,
1100 1475 1231 1542 terram
1267 1463 1436 1538 hostilem

318 1584 455 1682 ingredi
476 1610 541 1682 per
559 1610 680 1660 omnes
697 1586 800 1659 licuit
824 1586 886 1684 (A).
914 1589 977 1676 lta,
1000 1583 1094 1682 quod
1113 1581 1370 1678 Aristophanes
1397 1579 1436 1651 in

268 1733 273 1742 ·
318 1701 507 1798 Dicaeopoli
523 1726 586 1777 suo
606 1703 720 1794 finxit,
739 1710 778 1777 ut
791 1702 886 1776 solus
907 1703 1002 1774 inter
1016 1707 1170 1775 armatos
1189 1697 1330 1795 placida
1346 1717 1435 1792 pace

318 1815 509 1904 frueretur,
536 1818 575 1891 id
599 1841 680 1890 vere
705 1817 901 1891 artificibus
925 1817 1071 1913 contigit
1092 1822 1131 1888 ut
1151 1813 1309 1888 inviolati
1332 1811 1435 1885 nullo

316 1955 511 2021 armorum,
532 1933 633 2007 nullo
648 1933 805 2006 militum
819 1935 1000 2032 agentium
1023 1939 1057 2006 et
1082 1930 1298 2005 trahentium
1318 1935 1431 2018 metu,

316 2071 438 2123 secure
452 2072 515 2145 per
535 2048 672 2123 medios
687 2050 862 2123 exereitus
877 2055 1132 2139 commearent,
1158 2071 1231 2121 non
1247 2047 1383 2143 privato
1400 2050 1435 2118 et

315 2165 411 2261 turpi
431 2165 578 2254 foedere,
601 2172 641 2239 ut
659 2164 731 2253 ille,
758 2167 821 2240 sed
840 2166 1044 2241 communis
1058 2165 1114 2241 dei
1130 2164 1327 2238 ministerio
1347 2184 1434 2235 con-

315 2283 455 2355 socrati.

366 2399 508 2472 Sanctio
523 2406 640 2475 autem
658 2400 808 2477 decretis
823 2402 895 2475 suis
917 2401 960 2475 ab
983 2398 1296 2498 Amphictionibus
1313 2398 1434 2473 addita

323 2543 339 2581 a
358 2522 396 2587 ut
416 2516 448 2587 ei
475 2514 683 2613 quicunque
709 2528 833 2592 contra
855 2519 933 2592 haec
960 2519 1157 2615 quidquam
1178 2524 1307 2614 ageret,
1332 2517 1432 2591 ratio

314 2628 507 2704 reddenda¹
529 2630 619 2706 foret
647 2632 741 2731 apud
771 2635 1083 2709 hieromnemones
1117 2658 1230 2731 quum
1257 2633 1325 2729 ipsi
1354 2640 1432 2706 tum

316 2746 396 2821 urbi
415 2748 452 2819 in
473 2771 545 2844 qua
563 2748 696 2846 injuria
714 2751 842 2825 artilici
857 2752 980 2825 luisset
1000 2752 1097 2825 illata
1113 2751 1178 2850 (3).
1193 2783 1208 2821 o
1242 2753 1315 2824 Hac
1330 2774 1433 2827 sanc-

314 2863 410 2936 tione
425 2863 638 2962 plerumque
658 2890 722 2940 sua
742 2866 914 2942 beneficia
939 2869 1239 2943 confirmaverunt
1254 2871 1432 2965 Amphic-

312 2979 443 3071 tiones;
461 3003 570 3078 quam
588 2982 625 3054 in
641 2981 782 3057 decreto
798 2991 963 3081 utruque,
981 2984 1108 3058 iisdem
1123 2985 1195 3060 fere
1212 2985 1327 3059 verbis
1342 3010 1432 3060 cun-

313 3103 468 3192 ceptam,
495 3104 531 3172 et
557 3098 596 3170 in
620 3099 699 3172 aliis
728 3101 887 3196 reperire
920 3109 986 3190 est,
1016 3125 1145 3199 nempe
1175 3104 1211 3175 in
1236 3101 1299 3175 illo
1326 3101 1431 3176 titulo

313 3211 432 3285 adhue
458 3212 592 3287 inedito
618 3238 725 3310 quem
750 3215 837 3312 ipse,
870 3215 963 3291 lacta
987 3219 1210 3292 excavatione
1235 3220 1273 3291 in
1308 3219 1431 3316 templi

314 3327 476 3424 Delphici
501 3329 704 3420 ruderibus,
731 3340 913 3429 repertum
934 3359 1017 3407 cum
1046 3334 1123 3409 aliis
1153 3335 1334 3432 descripsi.
1362 3335 1430 3408 Ubi

312 3445 596 3541 Amphictiones,
615 3469 728 3544 quum
741 3451 847 3522 variis
860 3451 1057 3526 honoribus
1072 3460 1108 3526 ot
1119 3452 1310 3549 privilegiis
1327 3475 1429 3526 exor-

312 3568 400 3634 nent
414 3562 506 3637 viros
525 3566 654 3661 pietate
673 3572 707 3639 et
722 3565 841 3640 studio
859 3568 897 3640 in
913 3567 1134 3643 vindicandis
1154 3568 1279 3665 templi
1301 3568 1430 3666 opibus

312 3684 348 3752 et
368 3684 492 3753 contra
511 3681 664 3757 nefarios
679 3706 785 3758 ausus
804 3684 1031 3782 protegendis
1047 3686 1214 3783 insignes,
1232 3685 1431 3760 decernunt

319 3823 335 3862 α
351 3801 386 3870 et
413 3795 508 3892 ipsos
528 3805 563 3873 et
580 3804 739 3895 posteros
764 3824 888 3874 eorum
918 3800 1103 3877 inviolatos
1132 3826 1208 3877 esse
1236 3802 1368 3877 dehere
1396 3809 1430 3884 et

311 3909 407 3987 bello
425 3920 459 3986 et
474 3937 560 4008 pace
575 3921 610 3987 et
624 3913 752 3989 iisdem
768 3916 922 4013 gaudere
944 3919 1074 4015 quibus
1092 3920 1200 3993 ceteri
1216 3920 1277 4015 qui
1298 3917 1343 3991 de
1363 3919 1429 3993 deo

311 4037 347 4105 et
373 4027 417 4105 de
441 4032 755 4128 Amphictionibus
788 4033 1022 4109 benemeriti
1056 4037 1146 4126 sint3
1182 4037 1211 4109 si
1241 4036 1321 4132 quis
1346 4058 1428 4109 vero

350 4243 393 4328 (l)
416 4243 588 4318 Plutarch,
608 4246 764 4322 Cleonaeo„
784 4250 832 4310 la,

351 4339 395 4421 (2)
416 4340 590 4414 Demosth.,
606 4341 651 4402 De
663 4361 735 4422 poce
748 4346 783 4417 63
800 4343 845 4404 De
859 4341 934 4405 tracte
945 4351 1026 4424 peste
1045 4343 1197 4426 legatione,
1221 4347 1298 4423 3153
1319 4344 1358 4407 of.
1376 4363 1428 4407 ar-

310 4440 508 4511 gumentum.
1064 4476 1066 4481 ,

352 4530 392 4608 (3)
414 4532 546 4592 Decreta
560 4529 826 4610 Amphictionum,
840 4528 860 4593 l.
878 4535 985 4611 20-253
1001 4538 1108 4599 scs-87⁴
1192 4567 1195 4575 ·
