3120 5302
703 531 860 591 ..40-

156 648 158 652 ⁸
223 665 398 760 supersint
413 670 531 735 autem
551 662 627 734 haec
647 660 768 735 Atticis
784 661 992 752 artificibus²
1015 662 1082 733 nisi
1102 659 1188 759 quid
1209 665 1338 734 Roma*

223 781 277 852 nis
293 779 512 853 contrarium
533 778 588 851 sit.
607 807 622 845 1

272 895 365 969 lllud
390 896 546 992 primum
580 893 681 968 facile
704 901 755 968 est
784 896 1084 983 animadvertere,
1117 920 1152 966 m
1185 901 1339 991 utroque

222 1014 339 1105 titulo,
357 1013 434 1087 aliis
449 1011 576 1099 verbis,
595 1035 650 1084 res
666 1011 738 1086 sere
751 1011 891 1085 easdem
909 1013 1030 1109 repeti,
1055 1010 1334 1108 necquidquam

146 1123 148 1128 ’
222 1133 333 1230 magis
346 1156 365 1204 6
380 1131 575 1228 posteriore
595 1153 702 1226 quam
721 1155 740 1203 e
756 1132 873 1227 priore
895 1131 1026 1204 lucrari
1047 1130 1212 1203 artifices.
1234 1132 1338 1216 Quod

221 1251 250 1323 si
266 1256 386 1322 lamen
401 1265 628 1343 summopere
650 1247 694 1320 ab
714 1248 1026 1344 Amphiotionihus
1045 1247 1197 1320 alterum
1214 1248 1338 1320 decre-

221 1374 298 1439 tum
322 1364 580 1461 flagitaverunt,
610 1386 651 1437 ea
670 1386 776 1436 eausa
796 1364 877 1452 fnit,
908 1365 1005 1461 quod
1031 1369 1167 1437 mutata
1197 1362 1338 1438 consilii

221 1483 384 1572 ratione,
410 1480 508 1554 veriti
531 1488 613 1551 sunt
637 1503 683 1551 ne
706 1480 835 1574 prioris
855 1481 985 1553 decreti
1012 1480 1063 1552 vis
1086 1486 1120 1552 61
1146 1481 1338 1553 auctoritas

220 1598 387 1693 abrogata
403 1596 593 1669 videretur.
613 1598 688 1668 Hoc
705 1597 802 1668 enim
820 1595 863 1668 ab
883 1595 1240 1669 hieromnemonihus
1260 1603 1337 1669 tum

210 1715 392 1801 edictum,
414 1735 526 1807 quum
546 1709 721 1784 florebant
748 1735 805 1783 res
827 1711 1026 1786 AEtolorum
1054 1718 1088 1785 et
1107 1713 1174 1807 ipsi
1197 1711 1338 1785 consilii

222 1830 410 1928 participes
444 1827 633 1924 plerosque
664 1851 706 1900 ex
733 1829 888 1924 antiquis
911 1829 1077 1924 gentibus
1111 1827 1335 1925 expulerant.

211 1947 398 2020 'Restituta
427 1954 548 2017 autem
583 1969 603 2017 a
629 1946 797 2018 Romanis
827 1945 1028 2019 victoribus
1051 1947 1166 2042 prisca
1199 1946 1339 2020 consilii

221 2063 349 2151 forma,
363 2061 563 2135 curandum
576 2060 643 2134 luit
653 2069 692 2134 ut
706 2063 830 2135 eadem
844 2085 934 2136 novo
943 2061 1086 2135 decreto
1097 2064 1335 2135 sancirentur.

270 2180 344 2252 Etsi
359 2177 402 2251 ad
423 2177 601 2274 populum
620 2178 874 2278 Atheniensem
901 2180 945 2251 de
962 2179 1077 2252 Attico
1095 2185 1235 2251 tantum
1256 2177 1337 2252 col-

219 2295 313 2391 legio
329 2294 520 2366 mittuntur
530 2293 824 2389 Amphictionum
836 2295 988 2380 decreta,
1005 2300 1141 2367 certum
1156 2300 1339 2367 esttamen

220 2436 261 2486 ea
283 2434 356 2483 non
377 2409 520 2504 propria
541 2410 740 2481 Atticorum
768 2409 968 2497 artificum,
1000 2409 1061 2482 sed
1089 2411 1338 2484 universorum

221 2527 427 2603 communia
456 2525 577 2597 luisse.
601 2524 704 2612 Quod
728 2525 888 2622 lapidum
911 2528 1123 2601 testimoniis
1147 2526 1338 2600 confirma*-

220 2655 291 2720 tur.
313 2646 352 2714 ln
368 2641 474 2715 titulo
489 2640 606 2714 lacero
620 2648 655 2714 et
668 2666 772 2737 prave
788 2642 977 2740 descripto,
993 2644 1086 2716 inter
1098 2643 1340 2738 incertaque-

221 2764 303 2835 dam
324 2782 404 2855 quae
427 2759 563 2831 restitui
591 2781 664 2831 non
694 2767 859 2854 possunt,
886 2783 1077 2856 agnoscere
1106 2767 1225 2832 tamen
1257 2758 1339 2831 11661

220 2875 515 2972 Amphictionum
533 2872 690 2969 epistola
707 2876 875 2971 reliquias
894 2874 939 2948 ad
954 2875 1188 2948 Athenienses
1207 2876 1337 2962 missae,

220 2995 257 3066 in
274 3015 345 3089 qua
367 2991 499 3063 mentio
517 2990 558 3060 [it
573 2989 750 3062 artificum
767 3015 808 3064 ex
829 2993 962 3065 lsthmo
981 2999 1015 3065 61
1029 2996 1173 3079 Nemea,
1196 3011 1348 3064 necnon

222 3109 417 3182 securitatis
434 3107 518 3202 ipsis
541 3129 716 3179 concessae
732 3108 798 3203 (l).
818 3111 856 3179 ln
873 3108 984 3182 altero
999 3132 1155 3204 quoque,
1174 3132 1247 3181 non
1262 3132 1337 3180 me-

221 3226 292 3299 lius
310 3222 445 3310 habito,
466 3224 649 3295 decretum
675 3230 835 3297 tenemus
858 3225 1153 3321 Amphictionum
1173 3248 1244 3321 quo
1271 3249 1340 3322 pe-

221 3338 347 3415 culiari
365 3338 476 3411 tutela
486 3344 671 3435 protegant
685 3341 844 3437 ejusdem
862 3341 1001 3438 collegii
1016 3341 1168 3414 artifices
1184 3340 1335 3429 Thebas,

221 3456 471 3551 Dionysiorum
491 3477 608 3542 causa,
630 3458 904 3554 commigrantes
920 3462 985 3551 (1).
1007 3461 1090 3530 Haec
1110 3458 1257 3554 quidem
1274 3458 1338 3530 ali-

221 3597 292 3670 qua
311 3596 352 3645 ex
371 3579 468 3668 parto
483 3571 633 3645 obscura
649 3581 744 3662 sunt,
765 3573 855 3647 illud
874 3597 956 3648 vero
974 3574 1140 3647 Teiorum
1158 3575 1338 3671 apertissi-

220 3713 321 3762 mum
337 3692 398 3786 qui
412 3690 610 3786 gloriantur
635 3721 651 3755 «
667 3693 764 3787 quod
787 3693 942 3765 universi
963 3693 1074 3765 Graeri
1092 3693 1263 3788 jusserint
1281 3695 1337 3764 in-

222 3807 366 3880 violatos
388 3813 423 3879 et
450 3793 545 3880 tutos
567 3831 640 3880 esse
665 3832 790 3882 omnes
816 3810 966 3883 artifices
994 3816 1029 3881 61
1052 3807 1205 3882 inbelle
1235 3804 1269 3881 61
1301 3810 1336 3881 111

220 3947 320 4020 pace,
343 3923 501 3996 obsecuti
519 3923 671 3996 oraculis
686 3923 863 4022 Apollinis
884 3926 939 4023 (3)
955 3954 990 3997 u.

269 4044 345 4114 lam
374 4040 621 4113 universorum
652 4042 856 4114 Graecorum
888 4064 1123 4128 consensum,
1147 4032 1199 4115 1111
1233 4043 1339 4115 Teius

261 4250 302 4329 (l)
323 4251 365 4308 Le
378 4249 448 4324 Bas,
465 4247 599 4326 Attique,
617 4251 687 4325 376,
705 4248 727 4308 1.
746 4251 844 4310 ll-la

256 4343 298 4422 (A)
322 4340 437 4421 Corpus
450 4340 538 4401 inser.
551 4359 612 4420 qr„
626 4345 714 4416 1689,
728 4344 781 4403 uhi
793 4344 937 4406 Boeekhii
947 4345 1126 4406 emendatio
1137 4362 1338 4425 nequaquam

218 4434 399 4515 recipienda
413 4440 470 4494 661.

255 4530 296 4613 (3)
325 4528 437 4609 Corpus
452 4529 539 4591 inser.
555 4550 616 4610 pr„
636 4530 762 4607 3061,1.
781 4535 881 4593 t'l-l9.
