3120 5302
775 513 932 572 ..68-

297 646 426 718 cecinit
446 644 511 743 (l).
534 643 756 731 Auletarum,
776 645 814 716 id
838 650 900 732 est,
930 663 1055 717 eorum
1078 643 1136 740 qui
1166 641 1263 716 nude
1288 644 1414 718 tibiam

295 761 470 835 inflabant
489 760 601 834 multa
614 767 647 834 et
662 760 757 834 varia
770 783 900 857 genera
917 785 924 832 :
941 760 1095 856 cyclicus
1107 760 1238 834 tibicen
1254 768 1316 834 aut
1331 761 1417 833 cho-

293 878 424 966 raules,
443 877 641 974 pythaules,
660 877 790 973 quibus
804 876 887 951 solis
901 879 1081 974 proposita
1094 884 1196 951 erant
1210 884 1307 951 certa
1323 899 1416 973 prae-

293 995 385 1082 mia;
407 994 467 1068 alii
484 993 662 1068 actoribus
681 994 833 1090 tragicis,
853 994 996 1068 comicis
1014 1000 1048 1068 et
1063 994 1233 1090 satyricis,
1251 993 1413 1068 chorisve

292 1109 491 1206 puerilibus
511 1117 547 1183 et
564 1108 726 1183 virilibus
744 1108 968 1183 accinebant.

341 1227 470 1300 Poeta.
494 1231 598 1300 Nunc
620 1227 664 1300 ad
687 1233 806 1324 poetas
823 1228 938 1316 renio,
963 1251 1116 1323 quorum
1139 1225 1257 1301 studia
1285 1228 1414 1302 llorere

291 1346 379 1419 uidit
397 1345 503 1419 etiam
526 1345 604 1418 haec
629 1350 725 1435 aetas,
744 1350 784 1416 ut
803 1368 822 1417 e
842 1344 1097 1418 certaminibus
1117 1343 1285 1417 ludorum
1306 1366 1413 1418 com-

291 1463 461 1560 perimus.
547 1529 553 1551 ,
1399 1547 1401 1554 Ι

340 1581 445 1651 Poeta
471 1577 593 1673 epicus
620 1573 693 1674 (2),
723 1575 915 1672 aliquando
940 1576 1036 1650 nude
1065 1576 1182 1650 dictus
1205 1581 1309 1673 poeta
1336 1574 1409 1675 (3),

291 1693 466 1791 quasiille
478 1693 703 1789 potissimum
717 1693 916 1766 eonomine
931 1693 1058 1788 dignus
1073 1699 1174 1779 esset,
1189 1693 1251 1789 qui
1265 1693 1413 1766 Homeri

290 1810 445 1906 vestigiis
469 1809 658 1883 insisteret.
688 1812 764 1881 Hoc
789 1808 827 1880 in
856 1809 1051 1882 certamine
1071 1817 1235 1905 poemata
1266 1808 1414 1882 heroica

289 1933 351 2000 aut
374 1949 499 2000 eorum
524 1924 709 2021 particulae
734 1925 884 2020 proferri
909 1924 1012 1998 solita
1038 1931 1073 1998 et
1093 1925 1235 1999 recitari
1262 1924 1306 1998 ab
1335 1925 1412 2022 ipso

288 2049 378 2116 vate.
396 2039 502 2114 Aliud
519 2065 632 2138 genus
645 2047 696 2115 est
710 2064 833 2115 eorum
846 2044 908 2138 qui
919 2047 1055 2116 certant
1069 2042 1272 2115 laudatione
1287 2041 1407 2137 epica;

290 2181 419 2256 nempe
434 2159 472 2230 in
489 2158 730 2254 Amphiaraiis
749 2159 856 2254 Oropi
875 2159 1024 2232 carmini
1042 2159 1142 2255 epico
1160 2164 1194 2231 et
1213 2157 1411 2231 laudationi

289 2275 400 2371 opicae
419 2274 555 2349 diversa
576 2275 724 2370 prumia
737 2283 987 2372 proponuntur
1005 2272 1069 2372 (l).
1089 2274 1139 2347 Ea
1153 2273 1310 2347 laudatio
1328 2297 1410 2370 quae

290 2391 334 2464 sit
362 2391 518 2475 ostendit
543 2415 658 2487 nuper
685 2397 847 2488 repertus
876 2392 914 2464 in
944 2391 1079 2464 Euboea
1106 2391 1242 2478 titulus,
1272 2390 1409 2487 inquo

289 2509 447 2605 primum
465 2508 585 2581 locum
610 2507 747 2583 obtinet
766 2508 918 2580 laudatio
933 2509 970 2580 z'n
983 2508 1183 2605 Apollinem
1198 2505 1272 2606 (5);
1296 2507 1347 2580 ita
1366 2531 1409 2580 ea

289 2625 447 2698 laudatio
472 2625 699 2720 componitur
719 2625 757 2695 in
781 2625 957 2699 honorem
982 2624 1038 2699 dei
1058 2626 1117 2698 cui
1140 2624 1217 2697 ludi
1240 2629 1408 2721 aguntur.

289 2740 417 2814 Melius
431 2741 539 2838 igitur
550 2741 784 2830 laudationes,
799 2765 877 2815 mea
889 2743 1034 2837 quidem
1047 2742 1235 2831 sententia,
1245 2739 1412 2814 diceren-

291 2865 349 2931 tur
366 2859 641 2932 Homeridarum
662 2859 820 2932 carmina
837 2883 917 2954 quae
939 2858 1043 2955 vulgo
1061 2858 1205 2932 exordia
1226 2865 1261 2931 et
1285 2859 1411 2954 hymni

291 2975 529 3072 appellantur.
553 2977 702 3072 Utrique
721 2982 908 3073 poetarum
927 2976 1047 3071 generi
1068 2974 1104 3046 id
1129 2998 1320 3048 commune
1344 2975 1413 3048 fuit

291 3092 385 3190 quod
401 3100 565 3188 poemata
578 3091 738 3165 versibus
755 3092 967 3165 hexametris
983 3097 1152 3188 concepta
1167 3090 1408 3187 proferebant.

341 3214 455 3284 Poetae
470 3209 643 3304 προσοδίων
661 3210 698 3281 in
724 3207 865 3283 duobus
883 3208 996 3281 titulis
1014 3218 1210 3282 occurrunt
1232 3206 1298 3306 (6).
1324 3212 1412 3294 Quae

292 3326 359 3399 fuit
381 3327 515 3422 species
534 3325 698 3422 quaedam
716 3325 841 3420 hymni
858 3324 903 3398 ad
922 3324 1046 3397 tibiam
1062 3325 1143 3398 cani
1159 3322 1274 3422 solita,
1300 3348 1413 3421 quum

292 3444 434 3539 templis
448 3443 600 3523 autaris
614 3439 830 3515 accedebant
846 3438 910 3538 (7).
936 3437 940 3447 ’

343 3558 618 3656 Dithyrambicis
631 3559 756 3656 poetis,
771 3559 833 3654 qui
846 3557 1028 3653 quondam
1042 3565 1140 3634 tanto
1151 3560 1288 3634 bonore
1304 3559 1415 3633 Albe·

335 3859 378 3938 (l)
399 3859 441 3920 Le
454 3860 513 3919 Bas
527 3862 559 3918 et
572 3854 797 3935 Waddiugton,
809 3856 900 3917 lusor.
913 3854 1167 3929 dilate-Malacam,
1184 3858 1242 3918 654
1256 3862 1288 3918 et
1299 3860 1371 3920 256.

335 3953 377 4033 (b)
399 3953 591 4028 Deoharmo,
608 3953 659 4028 26,
676 3951 697 4013 l.
714 3955 763 4012 lb.
784 3951 912 4028 -Koil,
930 3951 998 4011 Zur
1014 3950 1137 4031 Splloqe
1150 3950 1244 4012 lusor.
1262 3949 1342 4029 boat,
1362 3954 1411 4014 ut.

294 4081 334 4094 -
347 4049 390 4108 Le
405 4048 475 4119 Bas,
491 4050 521 4106 3θ
531 4045 642 4125 portic,
659 4048 730 4105 622.

336 4141 377 4222 (3)
399 4144 441 4203 Le
456 4141 527 4214 Bas,
544 4137 576 4200 3e
584 4143 695 4219 portic,
714 4140 785 4211 cal,
801 4141 871 4201 623.

334 4237 374 4316 (6)
396 4234 555 4313 pangant,
572 4231 676 4312 Antip.
692 4231 809 4309 delle'c„
827 4235 933 4311 965,1.
949 4237 1014 4298 bet
1030 4239 1076 4298 13.

335 4330 375 4411 (5)
396 4327 581 4408 Ephemeris
598 4326 844 4406 Archaeologica‚
864 4346 933 4389 noo.
951 4348 1019 4403 ser„
1033 4333 1104 4391 lla.

334 4425 375 4504 (6)
397 4422 582 4500 Deobarme,
597 4419 617 4481 l.
628 4420 809 4482 9.-Iuscr.
827 4420 903 4482 iue'd.
920 4421 955 4482 de
969 4423 1105 4503 Delphos,
1122 4426 1159 4500 V,
1173 4424 1196 4485 l.
1213 4425 1261 4486 13.

336 4518 377 4599 (Ἰ)
399 4519 503 4597 Etym.
520 4517 680 4595 Magnum.
692 4549 728 4564 -
744 4516 884 4593 Photius,
901 4516 1057 4596 Bittius,
1074 4539 1106 4599 p.
1121 4521 1191 4582 319.
