3120 5302
777 501 936 560 ..80-

302 636 463 733 plerique
487 655 567 706 vero
588 634 695 728 regiae
721 635 882 729 pecuniae
898 640 932 706 et
949 631 1078 729 praedae
1099 655 1119 703 e
1137 636 1260 703 Graeca
1281 629 1422 702 civitate

301 738 410 847 partae
432 749 642 846 contagione
657 748 791 838 iniecti,
813 749 967 846 Philippi
986 748 1135 822 consilia
1150 747 1249 820 omni
1265 768 1333 841 ope
1352 743 1423 818 ad-

298 870 480 963 juverunt.

352 986 534 1070 Ceterum,
564 1004 609 1053 ne
630 981 700 1054 hoc
728 983 863 1055 crimen
897 980 1065 1055 adversus
1094 980 1253 1054 scenicos
1279 979 1422 1052 illatum

303 1106 457 1195 vagetur,
475 1099 536 1172 sed
554 1100 658 1171 certis
676 1099 776 1171 lactis
795 1106 830 1171 et
851 1097 1071 1195 temporibus
1091 1103 1241 1187 constet,
1259 1119 1314 1170 res
1329 1097 1424 1192 ipsas

302 1221 459 1311 repetam
476 1238 518 1288 ex
536 1215 668 1309 quibus
688 1216 916 1310 perspicuum
932 1214 973 1287 lit
990 1237 1098 1311 quam
1118 1214 1244 1286 utilem
1260 1212 1335 1308 regi
1349 1215 1425 1285 Ma-

180 1430 183 1436 ,
302 1333 498 1419 cedonum,
519 1356 627 1428 quarn
648 1333 851 1429 pestiferam
871 1339 1077 1407 Graecorum
1097 1331 1251 1406 libertati
1276 1353 1423 1427 operam

302 1448 496 1522 attulerint.
519 1453 559 1521 ln
577 1450 645 1522 hac
667 1450 896 1523 contentione
918 1473 1025 1523 nemo
1046 1454 1148 1545 neget
1169 1449 1423 1543 interceptam

302 1564 496 1662 Olynthum
513 1564 612 1663 (348)
629 1572 663 1639 et
681 1566 790 1638 finem
807 1568 895 1639 sacri
907 1566 992 1640 belli
1008 1589 1122 1639 unum
1136 1566 1242 1637 luisse
1258 1587 1423 1638 momen·

302 1688 379 1753 tum
403 1705 475 1779 quo
492 1680 726 1755 Macedonum
750 1682 835 1777 regi,
858 1680 1050 1755 metuendo
1074 1680 1219 1777 quidem
1237 1685 1272 1752 et
1289 1680 1327 1751 in
1348 1680 1424 1753 dies

302 1797 488 1886 crescenti,
505 1790 667 1870 nondum
689 1803 809 1870 tamen
822 1799 871 1870 ita
887 1797 1036 1870 firmetis
1056 1796 1184 1893 opibus
1200 1796 1284 1868 utri
1302 1803 1425 1892 aperta

302 1914 419 2009 potius
447 1936 555 2010 quam
580 1912 662 1987 dolo
691 1914 840 2009 grassari
870 1922 1004 2009 posset,
1030 1913 1265 1986 Athenienses
1289 1911 1424 1985 utiliter

303 2031 479 2104 adversari
513 2030 722 2126 potuissent.
751 2031 821 2104 Sed
851 2030 1026 2103 distractis
1053 2029 1183 2103 civium
1214 2030 1422 2122 sententiiS,

303 2149 375 2232 alii,
393 2155 428 2220 et
449 2148 472 2219 ii
496 2148 642 2243 quidem
660 2147 792 2244 populo
813 2172 933 2244 graves
952 2149 1055 2243 cujus
1077 2147 1191 2220 otium
1215 2146 1421 2239 turbabant,

306 2262 464 2360 Philippi
480 2263 627 2337 consilia
642 2262 739 2336 haud
761 2262 868 2337 dubie
888 2265 924 2336 in
940 2264 1135 2360 perniciem
1156 2264 1302 2337 civitatis
1316 2286 1424 2359 erup-

303 2390 383 2453 tura
397 2387 432 2452 et
444 2380 511 2476 ipsi
524 2378 689 2453 videbant
709 2388 743 2453 et
755 2380 1031 2463 Atheniensibus
1045 2379 1231 2453 ostendere
1245 2379 1425 2454 conaban-

304 2503 383 2584 tur;
406 2496 465 2569 alii
481 2504 604 2570 contra
619 2496 757 2592 decepti
773 2503 832 2569 aut
851 2498 1061 2593 proditores,
1086 2520 1210 2593 pacem
1229 2521 1311 2571 eum
1331 2497 1424 2568 Phi-

303 2613 400 2709 lippo
420 2615 549 2686 tentari
570 2637 672 2710 posse
696 2613 889 2687 censebant
905 2620 938 2688 et
958 2615 1056 2688 omni
1078 2638 1144 2711 ope
1164 2613 1209 2687 ad
1225 2613 1422 2688 concilian-

304 2730 386 2802 dam
409 2730 482 2825 regi
514 2730 789 2802 Atheniensium
810 2730 1028 2805 voluntatem
1056 2730 1294 2804 enitebantur.
1323 2733 1421 2803 lnter

304 2855 473 2943 utrosque
493 2845 687 2920 fluctuabat
707 2846 875 2942 populuS,
899 2871 1012 2943 quum
1031 2846 1117 2919 hinc
1138 2870 1295 2920 eversam
1311 2846 1422 2942 Olyn-

304 2963 406 3035 thum
420 2963 667 3058 indignaretur
680 2972 715 3035 et
730 2963 864 3060 legatos
881 2963 925 3037 ad
938 2967 1077 3035 Graecas
1090 2963 1246 3036 civitates
1258 2963 1426 3037 adversus

305 3103 421 3176 regem
448 3078 702 3153 consociandos
728 3081 905 3170 mitteret,
930 3080 1030 3152 illine
1059 3080 1265 3176 interruptae
1294 3080 1426 3177 quietis

303 3218 427 3268 rursus
446 3202 616 3291 appetens
636 3202 669 3267 et
687 3194 771 3268 belli
786 3195 1014 3269 incommoda
1030 3194 1279 3283 reformidans,
1298 3218 1424 3290 pacem

304 3314 492 3387 suadentes
506 3311 677 3385 libentius
691 3336 734 3384 au
741 3313 844 3385 diret.

231 3458 232 3462 ¹
354 3433 393 3503 ln
414 3430 482 3502 hoc
509 3453 628 3503 rerum
652 3430 814 3520 articulo,
838 3431 916 3526 quis
936 3431 1075 3505 dubitet
1093 3455 1153 3506 eos
1175 3431 1237 3528 qui
1259 3431 1425 3529 Philippo

305 3544 473 3622 credendi
496 3551 531 3618 et
546 3544 724 3619 tentandae
740 3547 836 3641 pacis
852 3553 1013 3647 auctores
1034 3546 1179 3634 luerint,
1202 3571 1282 3621 vere
1306 3549 1425 3622 Athe—

305 3662 485 3735 niensium
499 3661 695 3736 libertalem
713 3664 900 3736 evertisse?
918 3663 991 3735 Hos
1006 3676 1125 3736 autern
1143 3662 1240 3736 haud
1259 3662 1426 3759 ambigue

306 3779 465 3874 designat
484 3777 769 3851 Demosthenes:
794 3782 968 3873 «Legatos
982 3776 1025 3850 de
1044 3800 1131 3872 pace
1151 3778 1197 3850 ad
1215 3776 1425 3872 Philippum

306 3891 499 3966 mittendos
514 3917 588 3966 esse
604 3893 701 3968 vobis
716 3901 967 3990 persuaserunt
979 3892 1234 3975 Aristodemus,
1261 3881 1426 3988 Neopto-

306 4011 422 4084 lemus
442 4019 476 4084 et
494 4011 688 4106 Ctesiphon
699 4019 733 4084 et
747 4011 853 4084 ceteri
871 4010 962 4082 nihil
981 4011 1057 4083 sani
1074 4008 1314 4085 eMacedonia
1327 4033 1425 4081 nun-

307 4127 434 4200 tiantes
456 4124 521 4224 (l).
539 4156 554 4194 »
584 4124 695 4218 ldem,
718 4125 784 4198 sub
802 4127 910 4198 finem
933 4126 1102 4199 orationis
1126 4151 1133 4198 :
1165 4124 1285 4200 «Volo
1305 4131 1425 4198 autem
1506 4129 1509 4134 '

246 4233 248 4237 ¹
306 4241 1423 4340 vobissummatimpercurrcrequibusartibusrosPhilippus,

346 4506 387 4592 (l)
411 4504 546 4570 Dentato
561 4513 642 4588 peste
657 4507 808 4588 legatione,
827 4511 882 4584 123
900 4507 938 4570 cf.
955 4511 1005 4570 et.
