3120 5302
619 535 776 592 ..97-

140 661 341 734 incredibili
353 688 372 748 ;2
385 661 516 756 perfeci
534 685 628 750 vero,
645 669 683 735 ut
697 663 971 749 declaraveram,
993 662 1185 751 Bacchum,
1205 687 1257 736 ar-

140 774 269 847 chonte
292 775 436 848 Aurelio
462 776 675 850 Anchareno
698 777 862 865 Phaedro,
891 776 1059 871 Ephesio,
1078 776 1254 868 comoedo,

140 893 380 986 periodonica‚
396 891 665 987 Capitolionica,
683 891 903 980 incredibili;
917 890 1044 983 scriba,
1060 897 1259 967 Menecrate

140 1009 276 1104 Assyrio
283 1064 388 1082 .......
412 1008 588 1097 comoedo,
616 1009 857 1105 periodonica‚
884 1007 1085 1083 incredibili
1094 1037 1103 1098 ;
1127 1034 1259 1084 nomo-

141 1123 247 1212 dicta‚
264 1125 303 1197 T.
318 1124 467 1198 Claudio
484 1124 697 1218 Alexandro,
714 1125 919 1199 Laodicensi
939 1123 1098 1222 tragoedo
1111 1133 1145 1200 et
1157 1134 1260 1223 poeta

142 1239 343 1313 incredibili
359 1239 422 1340 (l)
444 1272 458 1309 n

188 1356 306 1448 Vides,
326 1363 364 1428 ut
384 1358 495 1453 priori
516 1365 633 1447 atate,
657 1358 708 1430 sic
727 1364 760 1431 et
778 1358 834 1431 his
854 1357 1088 1454 temporibus,
1107 1356 1260 1455 collegio

140 1471 332 1569 adscriptos
362 1475 470 1546 luisse
497 1483 635 1570 poetas,
666 1476 820 1548 musicos
848 1482 881 1548 et
910 1482 1059 1548 actores.
1085 1477 1258 1547 Annuum

141 1613 282 1685 quoque
304 1592 433 1664 Bacchi
458 1592 694 1664 sacerdotium
719 1593 955 1688 permansisse
978 1591 1072 1664 idem
1097 1592 1198 1665 docet
1218 1592 1263 1662 ti-⁴

139 1705 248 1794 tulus,
268 1714 301 1779 et
317 1706 499 1781 biseidenr
516 1708 644 1782 deferri
662 1709 832 1804 potuisse.
843 1707 926 1797 Sed,
944 1730 1056 1804 quum
1073 1707 1260 1780 ambitioni

139 1823 329 1895 hominum
340 1825 415 1919 jam
433 1848 504 1897 non
527 1825 732 1898 sufficerent
748 1827 855 1921 prisci
870 1827 1039 1918 honores,
1061 1825 1262 1898 institutum

139 1945 190 2009 est
210 1938 370 2034 ejusdem
395 1941 525 2013 Bacchi
547 1964 731 2012 summurn
756 1942 993 2014 sacerdotium
1014 1947 1046 2012 et
1066 1940 1157 2012 illud
1176 1954 1262 2036 per-'

139 2063 288 2150 potuum
304 2063 337 2128 et
354 2080 437 2129 cum
452 2081 493 2130 eo
510 2059 744 2154 conjunctum
764 2058 990 2154 imperatoris
1010 2081 1192 2130 summum
1211 2083 1264 2129 sa·

140 2176 352 2248 cerdotium.
376 2177 455 2248 Alia
476 2177 581 2250 etiam
601 2179 697 2272 apud
717 2177 805 2250 alios
827 2177 1023 2251 sacerdotia
1041 2177 1160 2251 addita
1182 2177 1264 2252 iue-

139 2299 240 2377 ront,
270 2292 340 2364 sive
379 2298 417 2364 ut
454 2293 575 2387 plures
605 2291 837 2388 dignitatibus
866 2293 1087 2379 fruerentur,
1125 2292 1195 2364 sive
1223 2298 1263 2363 ut

139 2408 374 2481 adularentur
393 2409 567 2504 principis
586 2409 780 2482 amoribus.
796 2410 854 2482 Sic
874 2409 910 2479 in
928 2407 1118 2481 ruderibus
1133 2409 1261 2481 theatri

139 2521 352 2617 Dionysiaci,
363 2525 527 2613 Athenis,
545 2533 675 2620 praeter
686 2523 797 2598 sedile
810 2526 1002 2607 sacerdotis
1013 2525 1142 2598 Bacchi
1158 2524 1263 2598 Eleu·

138 2637 331 2730 therensis,
364 2641 434 2713 duo
464 2641 534 2714 alia
571 2642 740 2737 descripsi
762 2665 917 2737 quorum
952 2642 1014 2713 uni
1047 2642 1259 2736 inscriptum

135 2761 185 2824 est
205 2779 212 2824 :
231 2756 428 2828 Sacerdotis
446 2756 576 2828 Bacchi
597 2756 812 2852 Melpomeni
830 2781 872 2829 ex
892 2756 1090 2830 artificibus
1097 2783 1106 2843 ;
1126 2756 1227 2829 alteri
1247 2782 1255 2828 :

136 2870 333 2944 Sacerdotis
351 2873 494 2945 Antinoi
515 2872 697 2946 Saltatoris
717 2898 757 2946 ex
776 2872 985 2946 artificibus.

120 2973 125 2982 ’
183 2986 261 3060 Jarn
283 2989 360 3061 haec
377 2980 552 3063 institutio
569 2991 701 3061 summi
715 2988 903 3062 sacerdotii
916 2988 1082 3084 perpetui
1101 2989 1259 3084 priscum

138 3104 368 3200 collegiorum
382 3113 525 3196 statum,
544 3107 605 3203 qni
625 3107 785 3179 exomni
806 3112 905 3201 parte
924 3105 1108 3200 popularis
1128 3105 1256 3189 iuerat,

139 3222 381 3295 commutavit.
412 3223 524 3318 Majus
547 3246 630 3296 vero
657 3222 828 3295 libertatis
860 3222 1116 3295 detrimentum
1141 3222 1259 3294 attolit

140 3361 271 3410 norum
300 3362 431 3411 munus
451 3338 599 3434 logistae.
624 3341 700 3411 Hoc
728 3362 890 3410 annuum
919 3337 1025 3410 suerit
1052 3361 1164 3410 necne
1184 3361 1258 3410 non

140 3453 263 3547 liquet.
283 3455 323 3527 ld
338 3457 708 3528 autem'constateum
728 3456 973 3552 magistratum
993 3476 1257 3550 nonecorpore

140 3569 362 3641 scenicorum
389 3571 515 3658 suisse3
539 3594 632 3643 unus
657 3571 754 3644 enim
786 3569 852 3641 fuit
877 3568 1040 3642 sacerdos
1065 3569 1257 3663 provinciae

138 3684 229 3758 Asiae
246 3684 318 3783 (2);
345 3687 433 3760 alter
458 3695 668 3784 procurator
691 3686 913 3784 imperatoris
945 3692 980 3760 et
1004 3685 1166 3780 praetoris
1192 3709 1258 3782 pa-

138 3808 192 3873 ter
211 3802 274 3902 (3).
306 3807 406 3877 Hanc
431 3806 537 3900 igitur
565 3803 772 3900 dignitatem
799 3827 819 3876 a
844 3802 927 3874 viris
953 3825 1094 3875 summo
1120 3803 1258 3876 honore

138 3925 337 4016 autmagna
349 3921 676 4016 potentiapraeditis
689 3921 844 3994 exerceri
856 3918 995 3992 solitam
1007 3942 1082 3990 esse
1095 3941 1257 4016 comper·

137 4154 360 4232 Pergamenns,
379 4152 573 4214 citharoedus
587 4151 758 4225 maronica,
774 4151 912 4213 musicus
927 4149 1129 4212 clarissimus.
1147 4150 1258 4230 Corpus

138 4246 225 4308 inser.
242 4269 304 4328 pra,
322 4251 408 4310 3208.

175 4340 215 4419 (l)
240 4341 353 4422 Corpus
367 4342 451 4402 inser.
466 4361 526 4422 pru,
543 4342 631 4403 6829.

180 4433 219 4512 (i)
244 4436 536 4517 conparandam„
554 4437 643 4496 2741.

177 4526 219 4607 (3)
239 4533 281 4591 Lo
299 4532 358 4592 Bas
374 4536 404 4592 et
418 4532 642 4610 Waddington,
656 4526 749 4610 locor.
767 4525 1025 4604 d’Asr'e-Mr'neare,
1042 4531 1121 4591 tono
1132 4547 1156 4592 c.

1099 4626 1117 4682 'i
