3120 5302
772 510 951 594 2802-

313 647 463 745 quaestio
483 646 618 737 luisset,
637 668 865 742 nequaquam
880 645 934 719 uel
954 668 1036 719 eum
1057 652 1128 719 tam
1152 646 1320 722 secundis
1339 651 1436 722 auri-

312 764 379 838 bus
399 762 453 836 vel
475 769 623 836 metam
649 761 802 835 adversis
828 761 1060 834 audivissetis.
1082 764 1189 859 Atqui
1211 765 1281 852 hoc
1307 766 1434 838 saltem

309 903 370 953 rus
390 903 487 952 nunc
506 879 687 952 universos
702 879 851 952 sensisse
867 877 1021 952 arbitror
1035 902 1118 951 eum
1139 886 1216 952 turn
1237 880 1434 977 praedicare

311 1020 347 1070 se
371 997 417 1070 ad
437 996 558 1069 hostes
584 995 761 1091 proticisci
787 1001 838 1083 ut,
863 1001 984 1068 coacto
1009 1019 1080 1068 aere
1104 995 1220 1069 alieno
1241 1000 1338 1093 quod
1364 997 1432 1071 sibi

310 1113 384 1187 illic
396 1113 517 1187 deheri
533 1111 685 1199 dicebat,
697 1113 769 1185 hnc
780 1135 941 1186 reversus
955 1111 1102 1208 publica
1117 1136 1268 1187 munera
1282 1113 1432 1204 subiret,

310 1236 344 1302 et
364 1229 427 1302 illa
448 1230 608 1303 oratione
629 1229 828 1325 plurimum
854 1253 958 1302 usum
978 1253 1052 1304 esse
1074 1259 1091 1299 «
1110 1254 1219 1328 quam
1238 1233 1431 1330 indignum

310 1352 400 1418 esset
414 1368 473 1419 eos
492 1345 651 1418 accusari
665 1347 725 1441 qui
740 1368 824 1442 opes
844 1369 931 1443 quas
952 1345 1025 1418 illic
1041 1345 1215 1421 haherent
1230 1347 1301 1422 huc
1317 1355 1434 1424 trans-

311 1461 444 1536 ferrent
458 1488 475 1530 u
489 1489 497 1550 ;
512 1485 625 1559 quum
642 1484 726 1533 uero
743 1484 829 1558 pace
844 1460 936 1535 iacta
950 1461 1098 1559 impune
1113 1463 1224 1552 licuit
1244 1489 1326 1563 quae
1340 1465 1436 1541 bona

310 1578 497 1653 manifesta
514 1579 572 1651 hio
589 1576 758 1674 possedit,
783 1600 822 1650 ea
838 1575 1035 1653 vendidisse
1050 1579 1263 1677 redactaque
1277 1584 1434 1679 pecunia

310 1694 354 1769 ad
369 1695 474 1768 illum
489 1693 617 1767 abiisse
635 1691 700 1790 (l).
722 1722 739 1760 »

360 1810 610 1885 Demosthenis
626 1810 842 1884 accusationi
858 1810 966 1883 fidem
983 1810 1066 1883 iecit
1084 1811 1159 1908 ipse
1175 1815 1435 1910 Neoptolemus

310 1929 372 2026 qui
391 1929 465 2024 jam
491 1928 529 1999 in
554 1925 762 2002 Macedonia
788 1935 958 2023 tauquam
983 1928 1021 1998 in
1046 1930 1162 2024 patria
1182 1939 1342 2005 versatus
1367 1941 1434 2025 est,

311 2048 359 2119 ita
379 2045 544 2119 amicitiae
564 2043 670 2140 regiae
690 2044 846 2117 adscitus
866 2045 962 2116 utin
985 2044 1113 2118 ultimo
1131 2047 1287 2144 Philippi
1306 2050 1437 2123 convi-

310 2164 366 2236 vio
390 2162 558 2235 assederit
583 2168 616 2234 et
640 2185 700 2235 eos
724 2185 846 2234 versus
865 2161 1035 2233 cecinerit
1053 2184 1154 2258 quos,
1181 2163 1219 2236 in
1236 2167 1435 2262 perniciem

310 2279 401 2376 regis
421 2279 611 2352 Persarum
626 2277 670 2351 ab
691 2276 859 2351 omnibus
876 2284 1062 2373 acceptos,
1085 2279 1122 2350 in
1148 2280 1264 2375 ipsum
1291 2282 1434 2380 Philip·

310 2419 398 2492 pum
416 2394 561 2468 fortuna
572 2395 753 2477 ¹convertit
771 2392 837 2491 (2)

359 2515 432 2584 Nec
456 2511 576 2582 minus
604 2510 846 2582 Aristodemus
868 2508 1072 2605 predicavit
1093 2517 1127 2584 et
1151 2512 1190 2583 in
1213 2513 1314 2586 curia
1336 2520 1373 2587 et
1398 2515 1435 2586 in

312 2628 486 2702 concione
507 2626 665 2721 Philippi
685 2624 816 2698 honam
835 2624 1055 2700 voluntatem
1071 2649 1153 2724 erga
1168 2629 1432 2718 Athenienses3
1482 2685 1489 2707 .

312 2742 441 2841 adjecit
463 2744 571 2816 etiam
598 2766 718 2839 regem
741 2765 824 2815 cum
845 2742 1031 2838 republica
1056 2745 1258 2817 societatem
1280 2746 1435 2841 jungere

312 2861 416 2934 velle.
437 2864 571 2934 Auctor
596 2866 647 2933 est
670 2859 854 2932 AEschines
879 2859 1159 2934 Demosthenem
1178 2884 1320 2935 coronae
1347 2862 1434 2934 huic

314 2978 549 3054 decernenda
566 2985 749 3051 auctorem
769 2977 899 3063 suisse3
918 2979 1085 3050 eumdem
1102 2979 1335 3051 vehementer
1352 3002 1438 3052 con-

315 3095 471 3169 tendisse
499 3093 593 3190 apud
624 3092 799 3190 populum
834 3099 874 3164 ut
900 3092 1147 3166 Aristodemus
1173 3095 1209 3166 in
1239 3095 1438 3192 legatorum

316 3235 507 3287 numerum
538 3216 762 3305 cooptaretur
797 3205 862 3305 (3).
890 3208 931 3279 ln
959 3233 1030 3304 quo
1055 3217 1127 3283 tam
1150 3234 1278 3307 parum
1309 3211 1440 3286 vidisse

316 3329 597 3403 Demosthenem
617 3349 690 3399 non
717 3325 910 3397 verisimile
928 3324 1089 3417 videtur,
1122 3329 1184 3423 qui
1203 3328 1439 3426 Neoptolemo

318 3448 440 3520 eadem
466 3446 557 3541 regis
588 3443 755 3515 mandata
781 3443 1026 3539 promissaque
1052 3443 1214 3517 afferenti
1248 3452 1343 3520 tanta
1370 3471 1439 3542 ope

316 3563 520 3636 adversatus
535 3560 589 3630 sit.
612 3557 647 3631 Si
663 3566 783 3628 tamen
798 3556 885 3629 fides
908 3556 1068 3629 AEschini
1086 3557 1253 3633 habenda
1271 3568 1337 3651 est,
1361 3585 1439 3635 cre-

318 3679 471 3753 diderim
501 3676 776 3748 Demosthenem
802 3697 901 3769 spem
926 3672 1045 3746 forsan
1068 3675 1234 3751 habuisse
1261 3677 1440 3751 Aristode·

319 3818 420 3868 mum
437 3793 633 3867 honoribus
646 3791 796 3865 decretis
810 3791 855 3863 ad
870 3789 1019 3864 meliora
1035 3792 1235 3882 revocandi,
1249 3801 1310 3867 aut
1325 3818 1437 3890 quum
1500 3877 1502 3880 ,

318 3911 493 4010 populum
512 3911 557 3983 ad
577 3908 662 3982 belli
680 3906 818 3979 labores
839 3907 1038 4002 segniorem
1061 3909 1152 3981 nihil
1177 3911 1329 4006 graviter
1343 3916 1440 3984 actu·

263 4123 266 4128 Ι
319 4053 401 4102 rum
421 4028 579 4116 sentiret,
602 4047 727 4121 pacem
748 4024 898 4119 experiri
918 4023 1069 4099 voluisse
1086 4033 1120 4099 et
1139 4026 1349 4124 Philippum
1368 4029 1441 4100 suis

319 4146 437 4243 ipsum
464 4144 555 4219 dolis
580 4143 719 4215 irretire
746 4163 873 4236 quum,
897 4139 966 4213 icto
991 4141 1136 4233 loedere,
1162 4144 1237 4241 jam
1260 4143 1305 4217 ab
1329 4145 1440 4219 Athe-

321 4263 501 4337 niensium
522 4260 626 4334 sociis
648 4255 901 4331 Macedonibus
926 4255 1177 4333 abstinendum
1201 4260 1303 4334 loret.
1330 4265 1439 4358 Spem

363 4435 404 4515 (l)
426 4432 470 4494 De
480 4451 564 4511 puce,
581 4432 609 4491 6.
621 4461 660 4474 —
675 4429 714 4504 (D)
729 4426 893 4504 Diodorus
912 4429 991 4504 XVI,
1011 4434 1060 4492 92.

359 4529 402 4610 (3)
424 4528 576 4605 AEselrin.,
595 4524 637 4586 De
648 4521 724 4584 mate
736 4528 816 4600 qesta
826 4520 977 4599 leporiana,
994 4528 1100 4589 rs-ro.
