3120 5302
689 599 870 659 -105-

220 731 267 806 ob
292 730 469 825 insignem
499 751 657 802 amorem
683 752 767 826 erga
785 730 878 803 cives
900 727 1137 825 patriamque,
1159 731 1340 824 postulatu

219 845 357 942 populi,
386 850 538 917 statuam
566 845 682 940 posuit
701 843 766 943 (l).
788 873 804 912 »
831 843 983 918 Mimum
1005 865 1149 940 quoque
1178 845 1342 920 decurio-

220 986 305 1034 nem
323 961 430 1034 luisse
448 960 592 1032 berillis
608 961 810 1034 invenimus
825 958 891 1059 (2).
909 963 1023 1046 Quem
1038 959 1229 1033 hominum
1247 960 1341 1037 favo·

222 1102 296 1151 rem
310 1078 429 1150 latinis
446 1076 680 1149 histrionibus
695 1077 772 1149 sine
792 1076 902 1149 dubio
921 1075 1123 1149 conciliavit
1140 1099 1339 1172 graecorum

220 1194 398 1266 artificum
420 1191 645 1288 exemplum;
668 1191 801 1266 indicio
821 1198 873 1264 est
893 1193 969 1288 ipsa
991 1191 1180 1265 titulorum
1194 1195 1286 1267 ratio
1305 1197 1342 1268 in

220 1308 351 1406 quibus
368 1306 465 1382 haud
483 1330 597 1403 pauca
612 1306 717 1381 verba
733 1330 829 1380 mere
842 1329 959 1404 graeca
977 1305 1097 1378 latinis
1112 1313 1253 1381 tantum
1267 1308 1340 1383 ele-

220 1425 351 1496 mentis
382 1421 640 1495 inscribuntur.
678 1427 846 1519 Magnum
884 1429 1005 1495 tamen
1043 1422 1136 1495 inter
1170 1429 1340 1520 utrosque

221 1539 412 1614 discrimen
437 1537 645 1632 permansit.
671 1541 711 1609 ln
739 1559 870 1633 corpus
895 1536 1121 1609 scenicorum
1147 1535 1341 1611 latinorum

190 1710 192 1714 .
220 1656 439 1749 irrepserunt
464 1651 582 1724 liberti
601 1658 636 1725 et
653 1675 740 1748 gens
759 1653 955 1726 mimorum
970 1660 1077 1748 atque
1098 1655 1341 1747 pantomimo-

222 1793 320 1861 rum3
345 1763 488 1840 feminee
503 1768 610 1840 etiam
629 1768 724 1841 hanc
743 1774 855 1841 artem
873 1767 1065 1862 attigerunt
1077 1765 1143 1864 (3).
1162 1771 1208 1841 at
1221 1776 1343 1843 contra

219 1884 332 1957 Grecci
354 1884 483 1956 scenici
500 1882 690 1978 collegium
705 1905 811 1954 suum
835 1882 979 1954 nonnisi
993 1881 1077 1954 viris
1093 1883 1259 1978 ingenuis
1278 1909 1342 1980 pa-

220 2006 293 2073 tere
314 2000 473 2070 siverunt
492 2020 609 2094 neque
627 1997 741 2094 pollui
762 1997 921 2069 scurrilis
937 1997 1078 2071 artificii
1097 2000 1320 2094 contagione.

268 2116 345 2186 Acti
374 2115 537 2202 scenicae,
570 2136 643 2186 non
674 2112 871 2186 artificibus
899 2112 1020 2201 mode,
1051 2112 1187 2187 bellum
1214 2115 1343 2191 indixit

222 2231 415 2305 christiana
441 2229 586 2325 religio;
622 2227 683 2302 sed
718 2228 806 2303 adeo
832 2229 945 2300 lixum
971 2236 1045 2301 erat
1074 2230 1204 2303 animis
1237 2231 1345 2327 huJ'us

221 2345 474 2418 oblectamenti
496 2344 656 2416 studium
677 2352 716 2415 ut
733 2367 779 2416 ne
793 2366 813 2415 a
827 2343 1029 2416 christianis
1049 2344 1195 2440 quidem
1210 2347 1343 2440 princi-

220 2461 324 2557 pibus
343 2461 536 2557 imperium
556 2459 814 2547 obtinentibus
837 2458 972 2532 aboleri
992 2466 1123 2555 posset.
1146 2459 1240 2533 lllud
1266 2471 1342 2537 tan·

220 2585 297 2649 tum
319 2577 501 2649 evicerunt
524 2576 710 2649 christiani
734 2582 774 2647 ut
795 2575 926 2648 scenici
950 2575 1150 2651 inhonestae
1178 2601 1340 2672 personae

220 2692 449 2764 haberentur.
473 2695 514 2762 ln
534 2690 637 2764 titulo
660 2690 792 2764 codicis
810 2688 1014 2778 Theodosii,
1037 2691 1159 2764 multae
1185 2692 1278 2788 leges
1295 2695 1338 2767 de

219 2811 289 2882 hoc
305 2832 433 2905 genere
451 2814 698 2881 memorantur
718 2807 849 2904 quibus
869 2815 1114 2903 apparetquee
1131 2817 1217 2881 tunc
1235 2811 1341 2884 luerit

220 2950 345 2999 eorum
374 2923 541 2996 conditio.
567 2926 608 2994 ln
629 2929 767 2995 tantum
794 2923 892 2995 enim
924 2924 1212 3018 spectaculorum
1239 2925 1342 3000 obse-

221 3043 314 3137 quiis
339 3039 553 3113 tenebantur
574 3045 613 3111 ut
637 3037 817 3111 declinare
844 3036 964 3111 officia
990 3039 1131 3114 scenica
1157 3043 1287 3116 scenici
1309 3051 1344 3119 et

222 3158 371 3228 scenicae
390 3153 444 3227 uel
461 3178 503 3226 ex
522 3154 578 3225 his
599 3153 673 3225 nati
690 3160 824 3225 nataeve
841 3176 915 3225 non
935 3163 1097 3250 possent;
1117 3157 1153 3228 in
1173 3160 1342 3252 paucissi-

221 3271 301 3356 mis,
327 3276 361 3343 et
381 3270 423 3341 iis
445 3269 592 3364 quidem
610 3273 705 3365 arcte
725 3267 894 3354 definitis,
918 3269 1110 3342 artificium
1128 3270 1244 3346 deseri
1267 3275 1343 3372 lege

222 3408 431 3458 concessum
452 3394 515 3458 est.
535 3384 668 3470 Prim0,
683 3384 711 3454 si
731 3384 768 3454 in
783 3383 943 3478 periculo
960 3387 1085 3459 mortis
1101 3397 1338 3481 versarentur,

221 3504 282 3576 sed
308 3532 322 3568 u
340 3510 421 3575 ante
444 3500 565 3574 omnia
590 3497 751 3594 diligenti
771 3499 948 3572 observari
966 3524 1007 3573 ac
1030 3504 1144 3575 teneri
1161 3507 1343 3580 sanctione

217 3618 386 3714 jubemus
403 3624 443 3688 ut
461 3638 540 3688 vere
559 3614 643 3687 etin
656 3620 813 3686 extremo
832 3615 994 3710 periculo
1012 3619 1208 3704 constituti,
1226 3621 1264 3693 id
1275 3645 1341 3717 pro

220 3735 332 3807 salute
355 3738 539 3829 poscentes
555 3729 599 3828 (si
624 3735 744 3802 tamen
762 3732 947 3804 Antistites
974 3732 1140 3833 probant)
1173 3735 1341 3812 beneficii

219 3855 496 3946 consequantur.
514 3875 531 3913 »
553 3844 731 3934 Secundo,
756 3847 784 3918 si
803 3848 966 3936 scenicae,
985 3848 1086 3922 nullo
1105 3852 1229 3923 mortis
1243 3855 1341 3948 peri-

219 3965 313 4050 culo,
332 3964 443 4060 probe
458 3964 564 4034 vitam
583 3968 701 4056 agant.
723 3961 762 4035 Si
782 3984 853 4058 qua
867 3987 948 4036 vero
969 3964 1074 4050 male,
1099 3965 1284 4042 «detracta
1301 3971 1339 4044 in

220 4079 401 4175 pulpitum
404 4134 504 4151 .......
521 4075 572 4149 ibi
583 4083 789 4172 permaneat
805 4075 918 4150 donec
930 4103 1021 4152 anus
1041 4081 1205 4173 ridicula,
1224 4107 1342 4160 senec-

219 4202 294 4266 tute
310 4193 493 4267 delormis.
511 4222 527 4259 »
549 4192 681 4281 Tertio,
704 4191 731 4263 si
747 4213 789 4263 ex
809 4193 959 4265 scenicis
983 4201 1076 4269 natae
1101 4196 1337 4291 probabilem,

220 4333 294 4383 non
326 4309 508 4405 vulgarem
532 4309 640 4381 uitam
669 4313 888 4380 exercerent.
920 4311 1071 4399 Quarto,
1100 4335 1144 4385 ex
1168 4315 1340 4412 principis

261 4573 300 4651 u)
322 4570 429 4646 orere,
446 4573 535 4632 caer.
551 4602 591 4615 -
607 4567 648 4649 (e)
663 4565 770 4641 orem,
787 4568 878 4628 aeae.
893 4601 933 4614 -
946 4569 985 4650 (a)
1003 4572 1109 4648 orem,
1122 4577 1211 4650 aero,
1227 4580 1317 4640 acu.

1159 4671 1178 4730 a
