3248 5296
726 511 885 567 ..7⁵1-

253 663 323 736 que
338 662 436 711 nuuc
450 640 487 712 in
501 639 789 734 intemperantia,
806 664 903 713 nuuc
917 641 955 712 iu
970 645 1123 736 egestate
1140 637 1303 732 degunt?
1318 640 1369 710 Ex

254 765 407 852 utroque
424 756 522 829 enim
537 757 689 851 pravitas
704 757 819 830 oritur
835 755 900 855 (l).
920 785 935 825 u

301 872 398 944 Alias
416 894 540 945 causas
557 871 632 967 jam
656 878 760 945 autea
785 871 881 946 Plato
905 878 940 944 et
961 872 1068 946 altius
1094 877 1315 969 perspexerat
1335 878 1369 943 et

252 986 419 1061 subtilius
434 995 662 1084 expresserat.
682 989 842 1061 Primum
865 989 1008 1062 inanem
1026 990 1217 1062 hominum
1237 989 1367 1062 lastum

253 1111 357 1201 atque
376 1103 637 1177 intolerabilem
660 1105 882 1201 jactantiam,
906 1128 989 1177 cum
1014 1128 1154 1179 summa
1177 1130 1300 1180 rerum
1315 1106 1369 1177 in·

253 1221 353 1293 scitia
376 1220 603 1316 conjunctam
630 1219 669 1291 iu
692 1223 777 1294 lone
797 1221 950 1316 Ephesio
973 1219 1123 1310 eltinxit,
1144 1221 1183 1292 in
1206 1245 1278 1318 quo
1297 1244 1370 1294 nou

254 1337 366 1434 magis
381 1335 599 1433 rhapsodum
614 1337 732 1433 ipsum
748 1360 856 1432 quam
880 1343 993 1410 totum
1012 1337 1236 1412 scenicorum
1258 1359 1371 1433 genus

253 1475 275 1526 a
307 1477 344 1526 se
374 1453 564 1550 perstringi
596 1451 796 1526 admonuit.
829 1452 965 1526 Deinde
990 1452 1144 1527 ostendit
1170 1476 1280 1551 quam
1305 1451 1370 1525 de-

254 1571 362 1643 missa
375 1570 418 1642 sit
433 1577 467 1643 et
482 1570 630 1642 humilis
641 1570 768 1665 reipsa,
782 1571 921 1644 etiarnsi
937 1571 1053 1668 specie
1063 1577 1097 1642 et
1112 1569 1237 1645 habitu
1256 1569 1371 1665 splen·

254 1685 350 1777 dida,
369 1710 494 1759 eorum
512 1687 670 1760 conditio
684 1688 746 1783 qui
760 1689 858 1760 toti‘e
872 1688 1000 1784 plausu
1021 1694 1082 1761 aut
1098 1686 1210 1760 sibilis
1225 1684 1372 1759 audien·

243 1805 344 1876 ‘tium
373 1802 569 1901 pendeant,
597 1805 658 1899 qui
685 1812 803 1878 motus
826 1805 937 1879 animi
962 1803 1006 1878 ad
1035 1802 1269 1901 placendum,
1298 1825 1371 1876 nou

254 1921 376 2018 gloriae
400 1921 527 2009 solum,
545 1919 607 1995 sed
631 1921 723 1994 lucri
742 1945 885 2020 quoque
904 1944 1023 2008 causa,
1042 1925 1271 2017 componant.

303 2037 453 2110 Maxime
470 2060 553 2110 vero
576 2037 749 2133 probavit,
778 2044 949 2134 perpetua
968 2037 1083 2110 aliena
1100 2035 1263 2108 imitandi
1283 2055 1372 2107 con-

254 2152 458 2243 suetudine,
476 2153 560 2226 vitia
574 2153 732 2249 imprimi
749 2161 810 2226 aut
824 2152 938 2226 allini.
955 2150 1057 2238 Quod
1069 2152 1201 2248 jamin
1219 2150 1374 2224 novitate

253 2270 306 2342 rei
329 2271 489 2357 scenicae,
512 2275 694 2343 notaverat
713 2270 809 2359 Solo,
827 2270 880 2341 rir
899 2268 996 2340 mitis
1014 2268 1174 2364 alioquin
1192 2267 1374 2364 sapientiae

254 2409 371 2483 oeque
386 2410 406 2460 a
421 2386 661 2482 voluptatibus
681 2386 917 2461 abhorrentis.

305 2507 404 2576 Hanc
415 2502 704 2598 disputationem,
719 2502 884 2600 quamde
899 2505 1050 2601 integro,
1067 2500 1249 2575 acerrimis
1262 2501 1374 2574 utrin-

256 2643 325 2716 que
349 2619 486 2708 studiis‚
516 2621 731 2694 recentiores
762 2629 969 2708 moverunt,
1000 2621 1171 2716 attingere
1198 2619 1266 2692 hoc
1295 2617 1374 2691 loco

256 2761 329 2812 non
351 2737 451 2812 libet.
470 2743 684 2836 Quanquam
704 2739 800 2812 enim
821 2739 934 2812 multa
958 2743 993 2812 et
1012 2737 1191 2811 subtiliter
1209 2741 1243 2810 et
1263 2735 1375 2809 vehe-

257 2862 392 2929 menter
406 2860 483 2928 acta
498 2861 594 2944 suut,
612 2854 781 2952 pleraque
799 2862 917 2928 tamen
937 2853 981 2928 ab
1001 2855 1077 2949 ipso
1093 2851 1243 2927 artificio
1261 2851 1376 2925 aliena

257 2972 467 3062 afferuntur,
490 2972 620 3067 quibus
647 2995 703 3044 res
729 2973 805 3068 ipsa
830 2970 995 3067 impediri
1022 2977 1056 3044 et
1080 2969 1261 3044 obscurari
1286 2967 1375 3040 mihi

258 3087 406 3162 videtur.
435 3092 476 3160 ln
502 3089 651 3161 scenicis
671 3096 789 3162 autem
811 3088 935 3184 graecis
955 3088 1066 3183 magis
1087 3085 1185 3160 nuda
1203 3084 1375 3181 perspici-

257 3212 325 3293 tur,
348 3213 383 3276 et
397 3205 540 3300 planius
555 3212 702 3301 apparet
716 3206 924 3301 pravitatem
941 3203 1155 3302 plerumque
1171 3225 1214 3276 cx
1226 3203 1303 3298 ipso
1321 3224 1377 3274 ar-

258 3321 366 3393 tificio
382 3321 589 3394 necessitate
602 3322 757 3417 quadam
773 3321 872 3394 oriri.
888 3324 1011 3417 Neque
1026 3321 1135 3409 enim,
1151 3317 1375 3416 praejudicio,

257 3435 441 3532 religionis
463 3460 580 3524 causa,
603 3439 778 3510 sententia
798 3436 842 3511 de
856 3439 979 3534 grecis
998 3436 1194 3510 artificibus
1209 3435 1293 3509 terri
1310 3457 1376 3531 po·

259 3553 338 3642 tuit,
356 3577 445 3649 quos
459 3560 585 3627 contra
599 3576 717 3627 sacros
736 3555 901 3626 homines
924 3576 999 3628 esse
1018 3560 1053 3625 et
1066 3553 1126 3648 pio
1142 3551 1290 3625 deorum
1307 3550 1376 3622 mi·

258 3671 403 3744 nisterio
427 3671 524 3768 fungi
555 3673 689 3745 Graecia
716 3673 881 3746 universa
908 3671 1131 3745 existimavit.
1157 3674 1230 3744 Nec
1255 3693 1377 3742 rursus

259 3794 381 3860 notam
405 3786 501 3860 illam
528 3789 790 3862 excusationem
809 3787 935 3860 alterne
955 3788 1070 3877 licuit,
1092 3786 1223 3860 scilicet
1242 3792 1375 3860 cetero·

261 3928 340 3975 rum
367 3910 572 3999 contemptu
600 3905 759 3978 scenicos
780 3905 818 3975 in
839 3905 968 3978 suimet
990 3910 1233 4000 contemptum
1252 3902 1378 3999 praeci-

259 4021 349 4115 pites
368 4021 436 4118 agi,
458 4045 571 4117 quum
596 4021 631 4094 id
651 4021 843 4093 artificium
872 4020 964 4093 nulli
988 4019 1082 4116 apud
1103 4023 1242 4093 Graecos
1259 4041 1377 4114 neque

260 4137 388 4232 pudori
414 4161 530 4235 neque
557 4136 721 4211 dedecori
748 4160 909 4234 unquam
936 4137 1044 4210 luisse
1060 4137 1264 4230 viderimus,
1287 4136 1374 4224 ime,

303 4426 343 4512 (l)
366 4430 506 4504 Aristot,
523 4427 686 4506 Prodere„
707 4429 800 4509 XXX,
820 4432 866 4493 lt).
892 4428 952 4503 Qui
964 4427 1052 4491 locus
1067 4426 1240 4509 exscriptus
1259 4427 1376 4509 legitur

261 4531 293 4587 ct
306 4526 390 4604 apud
405 4525 540 4589 Gellium
553 4527 633 4605 (XX,
650 4527 693 4602 ll.
