3248 5296
544 661 640 762 DE
683 654 1084 766 COLLEGIIS

293 993 819 1127 SCENICORUM
876 993 1334 1125 ARTlFlCUM

621 1359 752 1442 APUD
781 1360 999 1442 GRAECOS.

800 2195 828 2264 l.

298 2423 392 2495 Quoe
411 2415 536 2477 luerit
554 2421 616 2476 ret
636 2422 800 2477 seenleue
821 2421 934 2492 apud
955 2421 1114 2478 ntem
1135 2418 1330 2489 conditio,

519 2533 569 2576 ex
589 2519 901 2577 Atheniensium
920 2514 1107 2590 leuibus?

302 2727 388 2810 Quae
404 2722 535 2797 suerint
548 2720 643 2821 apud
659 2727 800 2797 Grecos
820 2722 1043 2798 scenicorum
1067 2720 1243 2797 artificum
1261 2721 1370 2796 colle-

252 2836 309 2934 gio
323 2837 501 2934 disputare
521 2860 682 2934 aggresso
700 2838 854 2935 origines
869 2839 953 2912 artis
968 2838 1118 2912 scenicos
1133 2839 1256 2934 paucis
1276 2861 1372 2934 repe·
1425 2861 1428 2865 ’

254 2959 327 3026 tere
340 2976 481 3026 necesse
493 2958 557 3027 est.
572 2954 681 3050 Cujus
699 2954 818 3049 ipsum
834 2955 1013 3028 Bacchum
1028 2959 1246 3050 repertorem
1262 2954 1370 3026 luisse

253 3067 395 3142 tradidit
413 3069 619 3165 antiquitas,
637 3077 670 3143 et
686 3070 724 3141 in
740 3070 877 3143 Graecia
891 3094 955 3166 per
970 3092 1097 3142 omnes
1109 3069 1212 3155 licuit
1226 3069 1369 3141 artifici·
1473 3144 1487 3167 ⁸

252 3183 318 3259 hus
339 3209 545 3261 consecrare
560 3186 713 3283 origines
733 3211 827 3277 suas,
849 3193 887 3259 ut
907 3210 990 3260 oum
1005 3186 1102 3260 Livio
1118 3185 1321 3284 loquamur,
1336 3193 1371 3259 et

253 3303 296 3378 ἃᾶ
317 3302 423 3378 deum
444 3303 576 3378 referre
592 3311 786 3394 auctorem.
807 3303 1023 3400 Quicunque
1046 3304 1284 3378 recentiorum
1300 3328 1370 3377 un-

252 3420 452 3516 tiquitatonr
481 3421 687 3516 attigerunt,
711 3420 939 3493 consentiunt
967 3443 1040 3493 rem
1073 3419 1248 3492 ludicrum
1274 3419 1369 3517 apud

253 3537 392 3610 Graeoos
406 3535 545 3610 colendi
560 3535 719 3608 numinis
733 3559 838 3609 causa
857 3558 932 3610 esse
947 3535 1125 3609 inventam
1147 3542 1180 3607 et
1199 3536 1309 3632 magis
1325 3534 1369 3608 ἃᾶ

253 3647 402 3726 deorum
421 3652 575 3726 honores
599 3659 633 3725 et
655 3651 700 3725 ud
720 3652 868 3725 civitatis
895 3651 1101 3748 religionem
1125 3675 1231 3748 quom
1253 3651 1296 3725 ἃᾶ
1312 3676 1370 3726 ro·

253 3764 424 3863 luptatem
439 3768 629 3842 hominurn
645 3768 872 3863 pertinuisse.

243 3953 246 3958 .
302 3883 416 3980 Hujus
446 3882 599 3980 publioae
630 3881 811 3978 religionis
840 3881 1012 3955 tantoris
1041 3883 1172 3955 exstitit
1203 3890 1369 3981 tantaque

253 3998 459 4100 Graeoorum
476 4000 514 4071 in
534 3999 729 4074 retinendis
746 3999 922 4094 majorum
939 3998 1110 4071 institutis
1126 3999 1237 4094 pietus
1253 4006 1290 4072 ut
1313 4024 1369 4074 res
1391 4083 1396 4089 ,

253 4117 404 4206 scenica,
423 4117 529 4190 etiam
549 4139 661 4213 quum
682 4138 702 4187 a
720 4115 869 4210 pristino
892 4115 1019 4188 Bacchi
1042 4114 1140 4187 cultu
1162 4115 1206 4188 ἃᾶ
1222 4115 1291 4189 alia
1306 4117 1367 4189 de-

253 4233 451 4307 clinavisset
470 4240 516 4322 et,
545 4235 676 4307 omisso
697 4233 775 4319 deo,
792 4231 837 4304 ἃᾶ
856 4233 1014 4307 humana
1032 4233 1211 4329 quosdam,
1234 4241 1267 4308 et
1287 4237 1367 4332 qui-

254 4352 334 4425 dem
350 4351 429 4424 ¹non
448 4352 495 4424 ita
514 4352 585 4448 pia,
607 4371 775 4441 conversa
791 4354 895 4439 esset,
914 4351 1070 4446 untiquae
1087 4348 1268 4447 religionis
1286 4376 1369 4424 me-

253 4470 367 4544 moria
386 4474 589 4545 consecrata
606 4467 768 4566 viguerit.
794 4467 903 4564 Cujus
929 4467 979 4540 rei
1004 4467 1133 4564 insigni
1155 4467 1369 4546 documento

1214 4586 1228 4646 l
