3120 5302
691 486 851 545 -64..

663 755 880 830 TRAGOEDI

516 975 531 1022 3
762 971 775 1017 4
1002 970 1017 1016 5
1217 967 1231 1013 6

216 1060 315 1108 Actores
366 1059 376 1108 l
411 1054 591 1107 Cassandrensis
640 1053 781 1163 Milesiusp
906 1050 1088 1101 &scandinensis
1134 1048 1290 1099 Atheniensis
1349 1062 1353 1069 ⁴

267 1164 280 1187 a
353 1141 375 1192 ll
412 1140 531 1208 Opuntius
642 1138 736 1189 AEtolus
906 1135 1060 1187 Atheniensis
1134 1133 1288 1184 Atheniensis
1318 1192 1324 1201 ο

269 1248 279 1274 a
342 1226 375 1279 lll
411 1225 553 1291 Megareusis
641 1224 747 1274 Milesius
774 1167 782 1295 l
868 1261 874 1270 .
909 1224 1051 1291 Megarensis
1134 1219 1290 1272 Atheniensis

218 1313 329 1378 Magister
413 1311 513 1377 Argivus
641 1309 796 1360 Atheniensis
908 1309 1093 1370 Atheniensist
1132 1309 1206 1358 Arcas

216 1400 318 1451 Tibicen
414 1398 488 1448 Chius
707 1400 719 1445 P
906 1395 1091 1446 Atheniensisd
1130 1394 1261 1445 boeotusb

219 1557 319 1607 Antores
369 1556 380 1606 Ι
415 1555 505 1618 lstiaeus
645 1554 791 1606 Tarentinus
909 1554 1064 1608 Atheniensis
1135 1552 1287 1603 Atheniensis

269 1663 282 1687 a
357 1640 379 1690 ll
414 1639 541 1690 Thessalus
646 1641 719 1690 Arcas
910 1642 1023 1692 Acarnan
1136 1639 1246 1705 AEgineta

270 1749 282 1772 u
347 1726 381 1778 lll
415 1725 517 1793 Argivus
648 1725 787 1778 Troezenius
912 1725 1095 1778 Cassandrensis
1138 1725 1240 1774 Achaeus

220 1813 331 1879 Magister
414 1811 543 1877 Bosporita
649 1812 802 1863 Atheniensis
820 1818 835 1865 5
913 1812 1052 1864 Corinthius
1137 1810 1233 1859 Bmotus

218 1897 319 1949 Tibicen
414 1894 598 1947 Atheniensisb
644 1897 717 1946 Arcas
909 1897 1037 1948 Boeotusd
1134 1895 1230 1944 Boeotus

223 2055 323 2105 Actores
372 2053 381 2102 l
417 2051 522 2102 Milesius
549 2055 556 2163 q
647 2053 774 2120 Sicyonius

273 2161 284 2182 ι
359 2137 381 2189 ll
415 2136 510 2188 AEtolus
583 2143 598 2191 t
646 2137 748 2204 Argivus

273 2245 285 2268 a
350 2222 383 2272 lll
418 2221 523 2274 Milesius
548 2164 556 2279 i
649 2222 776 2290 Sicyonius

224 2306 334 2372 Magister
418 2305 573 2357 Atheniensis
649 2307 724 2358 Arcas

222 2391 324 2442 Tibicen
417 2390 543 2459 Sicyonius
648 2391 745 2443 boeotus

274 2603 383 2676 Chori
401 2603 468 2699 ipsi
485 2627 548 2699 per
566 2604 718 2677 artifices
738 2601 880 2701 ejudem
898 2602 1036 2699 collegii
1054 2602 1233 2699 procurati
1254 2601 1338 2675 sue-

226 2726 323 2808 runt,
357 2719 530 2816 exemplo,
558 2721 627 2793 nisi
651 2719 768 2809 fallor,
794 2720 913 2793 adhuc
934 2719 1104 2792 inaudito.
1132 2718 1199 2792 lasi
1224 2719 1334 2805 enim,

226 2858 432 2932 quanquam
449 2834 525 2908 ludi
544 2859 608 2932 per
625 2836 781 2909 scenicos
798 2837 900 2909 Teios
919 2834 1189 2932 peragebantur,
1206 2834 1339 2908 chorus

225 2959 345 3026 tamen
375 2952 530 3026 constitit
562 2977 581 3027 e
610 2953 763 3044 civibus,
788 2976 855 3027 nec
883 2953 919 3026 in
945 2975 986 3026 eo
1016 2949 1213 3048 quidquam
1240 2949 1339 3023 aliud

225 3067 402 3165 agendum
423 3069 490 3141 suit
507 3070 599 3143 ‘faiis
614 3092 722 3166 quam
739 3076 777 3142 ut
797 3068 1006 3142 saltantibus
1023 3069 1236 3140 accinereut.
1251 3065 1340 3138 Aliis

227 3206 370 3281 quoque
387 3184 424 3255 in
449 3183 662 3276 civitatibus,
691 3193 864 3281 quantum
887 3179 1156 3280 ascriptoribus
1175 3187 1236 3255 aut
1258 3203 1341 3256 mo-

227 3299 410 3371 numentis
440 3299 627 3386 novimus,
663 3300 776 3373 civilis
803 3323 941 3396 semper
967 3299 1096 3372 mansit
1124 3297 1255 3371 chorus
1278 3321 1342 3394 per

228 3437 335 3510 quem
368 3414 489 3488 civitas
512 3415 588 3511 ipsa
614 3414 769 3489 debitam
800 3439 882 3513 erga
905 3417 989 3490 deos
1016 3416 1182 3511 pietatem
1206 3413 1341 3488 solvere

229 3530 452 3604 censebatur.
487 3533 528 3602 ln
555 3530 700 3606 Soteriis
719 3556 815 3622 vero,
844 3554 917 3605 non
943 3530 1049 3605 modo
1069 3553 1143 3603 nou
1166 3553 1185 3601 e
1207 3526 1342 3601 civibus

231 3647 363 3721 chorus
384 3645 580 3737 constabat,
600 3646 663 3721 sed
677 3672 723 3721 ne
737 3672 832 3721 uuus
850 3648 995 3745 quidem
1014 3647 1173 3742 Delphus
1192 3643 1339 3718 saltavit.

232 3763 423 3835 Choreutae
451 3764 552 3859 pueri
575 3788 594 3836 e
617 3765 762 3838 diversis
783 3763 985 3861 regionibus
1013 3762 1215 3860 cougregati
1243 3767 1342 3834 erant

231 3882 266 3948 et
296 3875 467 3973 exemplis
497 3877 736 3952 demonstravi
764 3903 844 3967 ecs,
876 3880 914 3952 in
944 3878 1091 3976 collegio
1120 3876 1342 3952 scenicorum

233 3992 424 4080 institutos,
446 3994 573 4067 versari
594 3995 706 4068 solere
726 4019 943 4092 operamque
963 3996 1038 4093 jam
1059 4019 1080 4068 a
1097 3995 1223 4092 primis
1241 3992 1343 4068 annis

232 4109 282 4181 rei
302 4110 453 4182 scenicae
474 4109 635 4206 proebere
648 4110 741 4208 (vide
755 4137 791 4208 p.
813 4109 885 4209 13).

279 4224 438 4298 Alterum
465 4209 576 4323 genus
606 4227 674 4299 luit
698 4227 864 4300 ludorum
896 4227 940 4300 ad
968 4252 1057 4325 quos
1085 4236 1145 4302 aut
1174 4228 1344 4302 festorum

232 4340 398 4415 nobilitas
418 4350 479 4415 aut
497 4344 728 4440 praemiorum
747 4344 944 4440 amplitudo
964 4345 1136 4442 plurimos
1155 4343 1344 4417 artificese

233 4456 380 4530 diversis
394 4457 552 4555 collegiis
571 4459 759 4534 alliciebat.
781 4464 821 4532 ln
841 4461 896 4533 his
915 4485 994 4535 vere
1011 4461 1211 4536 certabatur
1229 4468 1264 4534 et
1283 4485 1344 4534 no-
