3120 5302
772 493 919 554 „38-

281 631 520 700 Romanorum
543 623 674 720 quibus
693 623 960 698 benefactorum
981 648 1112 698 nomen
1136 624 1307 698 tribuitur
1330 624 1397 724 (4).

280 746 320 815 ln
347 741 486 815 lasensi.
506 739 622 831 titula,
652 738 795 813 eosdem
817 741 949 813 scenici
978 741 1160 837 appellant
1187 764 1400 815 communes

278 860 515 932 Asiaticorum
539 857 717 929 artificum
735 866 925 931 servatores
951 856 1015 956 (2).
1041 859 1091 930 Ex
1110 881 1182 955 qno
1208 857 1326 932 videre
1349 865 1402 931 est

279 1000 352 1050 non
372 976 548 1048 minorem
568 972 676 1047 luisse
693 997 818 1046 eorum
835 975 930 1069 apud
946 998 1053 1048 novos
1069 973 1217 1048 Grecis
1234 976 1402 1048 dominos

278 1117 387 1191 qnam
403 1092 498 1188 apud
518 1091 737 1165 Macedoniae
758 1115 856 1188 reges
875 1094 1036 1188 gratiam.
1488 1074 1491 1079 ¹

330 1210 435 1282 Hand
458 1209 559 1281 inviti
585 1208 693 1304 igitur
717 1209 870 1281 artifices
897 1208 1177 1284 dominationem
1199 1209 1403 1285 Romanam

280 1332 507 1422 acceperunt,
523 1326 596 1396 imo
616 1325 723 1396 otiam
742 1324 897 1397 libenter
908 1325 1063 1422 amplexi
1077 1333 1173 1398 sunt.
1193 1325 1289 1399 lllnd
1304 1334 1406 1401 nota·

281 1442 351 1516 hile
371 1453 434 1531 est,
457 1463 569 1537 quum
591 1463 681 1519 nora
706 1446 905 1536 temporum
926 1442 1014 1515 ratio
1031 1442 1068 1513 in
1085 1443 1228 1516 Achaiae
1248 1444 1406 1516 civitati-

280 1558 346 1632 hns
370 1559 414 1631 ab
434 1580 554 1631 eversa
569 1556 740 1629 Corintho
756 1556 919 1629 instituta
933 1563 1036 1647 esset,
1055 1558 1090 1630 in
1106 1557 1249 1632 decreto
1264 1560 1405 1656 Argivae

281 1673 643 1769 sodalitatisprimam
664 1695 851 1746 occurrere
867 1696 966 1746 novae
986 1675 1097 1747 aetatis
1116 1676 1351 1764 montionem,
1371 1683 1407 1749 et

282 1792 319 1864 in
346 1792 472 1864 eodem
504 1789 620 1875 titulo,
655 1790 816 1884 quamvis
843 1789 946 1886 Argis
979 1791 1095 1863 adhuc
1125 1792 1255 1888 vigeret
1278 1795 1408 1866 Dorica

281 1899 465 1996 dialectos,
496 1928 727 1978 communem
753 1904 944 1977 dialectum
965 1929 1035 2003 qua
1054 1908 1204 1981 Romani
1233 1909 1281 1981 uti
1308 1909 1405 1983 sole-

281 2023 388 2112 bant,
423 2022 466 2094 ab
497 2021 692 2095 artificibus
721 2029 927 2116 usurpatam
958 2022 1064 2096 luisse
1093 2025 1158 2120 (3).
1189 2028 1261 2097 Nec
1285 2027 1408 2100 minus

284 2140 439 2235 prompti
460 2137 606 2210 lnernnt
627 2136 671 2209 ad
691 2136 906 2232 placendum
926 2139 1090 2233 privatim
1114 2139 1405 2238 imperatoribus,

285 2278 439 2354 quornm
456 2254 628 2328 beneficia
644 2254 881 2350 rependerent
898 2262 958 2325 aut
974 2255 1154 2328 elicerent.
1177 2256 1261 2330 Post
1274 2258 1409 2330 victum

286 2374 424 2457 Persea,
446 2393 558 2465 quum
574 2367 810 2443 Macedonum
826 2367 980 2441 lautores
996 2369 1129 2467 ubique
1152 2374 1411 2468 conquireren-

287 2497 347 2560 tnr
377 2493 412 2560 et
437 2490 587 2558 Romam
608 2491 854 2569 evocarentur,
880 2485 1120 2560 nihilominus
1150 2487 1193 2560 ad
1222 2490 1336 2562 editos
1355 2491 1410 2564 'ab

289 2606 502 2699 imperatore
521 2601 626 2674 ludos
641 2624 682 2673 ex
702 2602 802 2672 omni
823 2609 921 2695 parto
940 2624 1156 2676 concursum
1184 2612 1249 2677 est.
1279 2607 1412 2680 Paulus

289 2718 455 2792 AEmilins
487 2747 501 2783 «
516 2717 709 2806 ludicrum,
734 2715 830 2812 qnod
849 2740 890 2789 ex
913 2718 1026 2791 multo
1050 2728 1131 2794 ante
1151 2729 1409 2818 praeparatum,

291 2840 325 2907 et
345 2834 381 2906 in
399 2833 490 2905 Asiae
512 2833 669 2906 civitates
688 2840 722 2906 et
752 2833 796 2906 ad
824 2857 919 2929 reges
937 2835 1051 2907 missis
1075 2837 1136 2932 qui
1159 2836 1415 2913 denuntiarent

292 2957 339 3038 et,
378 2972 492 3044 quum
520 2950 725 3022 circumiret
756 2950 831 3044 ipse
861 2950 1005 3021 Graeciae
1034 2952 1202 3042 civitates,
1239 2954 1416 3029 indixerat

293 3064 528 3159 principibus,
552 3088 679 3159 magno
712 3071 883 3160 apparatu
913 3065 1117 3163 Amphipoli
1143 3067 1238 3140 lecit.
1265 3072 1354 3142 Nam
1381 3080 1415 3145 et

294 3181 472 3254 artificum
490 3181 607 3254 omnis
624 3183 774 3276 garreris,
799 3182 859 3277 qui
879 3181 1055 3254 ludicram
1083 3191 1196 3257 artem
1221 3186 1413 3276 faciebant,

295 3321 335 3370 ex
353 3305 425 3370 toto
441 3297 526 3370 orbe
542 3304 718 3369 terrarum
731 3297 939 3387 multitudo,
962 3304 996 3371 et
1017 3299 1233 3374 athletarum
1252 3309 1287 3375 et
1305 3304 1419 3378 nobi-

295 3417 384 3491 lium
406 3440 583 3514 equorum
599 3419 764 3491 convenit
780 3417 844 3516 (4).
864 3447 880 3486 »

344 3539 421 3607 Jam
458 3542 553 3624 ante,
587 3541 725 3607 tantum
761 3535 984 3608 scenicorum
1018 3536 1176 3611 studium
1215 3542 1418 3618 eminuerat

296 3674 378 3748 erga
402 3649 542 3724 nobiles
567 3654 756 3739 Romanos,
788 3658 825 3724 ut
848 3650 891 3724 ad
920 3653 1120 3748 spectacula
1143 3679 1223 3750 quae
1250 3661 1419 3733 Romanis

298 3766 437 3840 ostendi
459 3767 692 3863 magnificum
713 3767 826 3838 visum
848 3766 975 3853 luerat,
997 3768 1033 3837 iu
1057 3768 1192 3841 ltaliam
1210 3773 1415 3867 migrarent.

299 3888 420 3970 Quum
440 3882 587 3955 Fulvius
606 3882 710 3954 ludos
736 3906 825 3977 quos
846 3887 983 3955 voverat
1002 3882 1095 3956 hello
1123 3886 1272 3960 AEtolico
1299 3892 1420 3963 Romae

299 4001 426 4090 edidit
452 4030 466 4067 o
484 4001 587 4074 multi
611 4001 764 4074 artifices
778 4025 820 4072 ex
835 4002 970 4074 Graecia
985 4012 1161 4077 venerunt
1176 4006 1324 4082 honoris
1344 4013 1422 4108 ejus

402 4211 442 4270 Le
457 4211 586 4284 Bas,A
575 4210 678 4289 ttrque,
695 4212 767 4270 376-
772 4214 839 4273 378

369 4210 380 4382 )
401 4306 443 4364 Le
459 4305 563 4363 Boset
550 4304 804 4381 tWaddington,
820 4305 913 4366 Iascr
927 4306 1038 4369 d'Asre
1041 4307 1185 4385 Mioeure,
1200 4315 1268 4386 28l‚
1283 4313 1304 4376 l.
1321 4319 1356 4377 6
1359 4321 1389 4378 'l

370 4398 800 4476 >noricamIteooecucteot.
807 4403 1057 4481 ‚1870,t.lt,.p
1077 4407 1145 4466 ltl'l.

343 4491 520 4570 tlr)Lirius,
538 4493 627 4567 XLV,
645 4494 700 4565 3⁶r;
718 4497 884 4555 annold'l.

336 4208 364 4289 <t

339 4304 368 4378 (ᾖ

338 4397 367 4475 (4
