3248 5296
538 736 730 844 inum
777 702 1076 843 enrrrnn.

1322 1143 1364 1188 rig.

251 1218 274 1278 l.
299 1219 373 1290 Quae
388 1217 482 1280 luerit
496 1218 543 1278 rei
558 1218 692 1279 scenicae
708 1219 789 1298 apud
812 1220 938 1280 Graecos
958 1216 1112 1293 conditio,
1132 1234 1169 1279 ex
1187 1216 1283 1278 Athe-

371 1314 530 1377 niensium
550 1314 699 1394 lcgibus?
702 1359 1283 1378 ..................
1347 1315 1360 1374 1

256 1470 293 1529 ll.
317 1468 434 1540 Quibus
449 1469 483 1529 in
500 1469 578 1530 locis
596 1466 749 1529 coiverint
769 1473 800 1529 et
822 1467 937 1547 quibus
952 1485 989 1530 ex
1005 1467 1190 1530 hominibus
1210 1485 1287 1530 con-

374 1567 512 1629 stiterint
529 1566 729 1628 scenicorum
748 1565 906 1628 artificum
928 1567 1113 1646 collegial..
1139 1569 1179 1629 .’.
1204 1612 1211 1628 .
1239 1612 1246 1626 .
1274 1612 1280 1624 .
1347 1568 1366 1626 6

253 1722 303 1782 lll.
328 1723 371 1783 De
386 1721 594 1800 collegiorum
612 1722 745 1801 legibus,
767 1722 986 1797 concionibus,
1003 1721 1199 1797 sacerdotiis,
1222 1738 1288 1781 ma-

371 1818 570 1897 gistratibus,
591 1824 641 1880 etc
645 1861 1285 1880 ....................
1329 1819 1368 1878 lt

254 1971 302 2032 lV.
327 1970 492 2044 Quomodo
515 1972 640 2034 scenica
662 1972 795 2051 collegia
819 1973 858 2034 ab
883 1973 1020 2034 oraculis
1047 1974 1181 2035 deorum
1206 1972 1287 2034 bene
1350 2005 1352 2010 ·

374 2069 481 2131 habita
495 2069 570 2149 ipsis
588 2070 648 2130 diis
670 2069 802 2149 gratiam
821 2069 1010 2132 habuerint?
1014 2114 1285 2132 .........
1330 2069 1364 2129 3l

255 2223 292 2282 V.
316 2220 481 2302 Privilegia
503 2223 542 2284 ab
570 2221 850 2301 amphictionibus
885 2228 916 2284 et
940 2222 1117 2285 civitatibus
1149 2220 1289 2300 collegiis

376 2321 504 2382 decreta
509 2363 1286 2382 ........................
1328 2319 1365 2377 37

254 2473 302 2534 Vl.
325 2474 391 2545 Qua
408 2472 527 2536 ratione
542 2472 672 2552 collegia
690 2472 815 2535 scenica
835 2471 1062 2534 certaminibus
1080 2472 1175 2534 saeris
1190 2473 1286 2534 eden-

377 2571 424 2634 dis
437 2588 565 2652 operam
580 2571 746 2633 dederint?
749 2615 1285 2633 .................
1329 2571 1364 2630 bl

256 2724 317 2785 Vll.
334 2725 508 2796 ‘Quomodo
520 2730 622 2784 artem
635 2723 790 2786 ludicram
805 2724 930 2801 musici,
947 2730 1057 2804 poetae,
1070 2729 1193 2786 actores
1205 2741 1290 2786 exer·

373 2817 517 2883 cuerint?
539 2864 1286 2884 .......................
1330 2823 1368 2882 65

258 2975 335 3035 Vlll.
359 2976 516 3047 Quantum
532 2972 622 3035 bonis
645 2973 787 3035 moribus
809 2979 841 3034 et
854 2975 1039 3034 Graeoorum
1058 2971 1197 3032 libertati
1213 2970 1289 3032 arti-

377 3075 450 3134 lices
462 3071 579 3133 scenici
600 3069 789 3132 nocuerint?
811 3111 1287 3132 ...............
1330 3069 1369 3127 76

151 3279 153 3284 .
255 3227 306 3289 lX.
330 3225 493 3301 Quomodo
510 3224 653 3299 Romani,
670 3224 776 3285 liberae
793 3223 975 3302 reipublicae
985 3222 1191 3302 temporibus,
1207 3223 1290 3283 Grae-

374 3340 485 3385 corum
500 3322 624 3384 scenica
641 3320 773 3399 collegia
788 3319 976 3381 habuerint?
978 3362 1286 3382 ..........
1329 3320 1368 3378 86

258 3478 295 3538 Χ.
318 3478 361 3538 De
376 3475 517 3554 collegiis
532 3473 664 3536 scenicis
678 3472 907 3549 imperatorum
922 3476 1014 3533 aetate
1019 3513 1289 3531 .........
1332 3472 1370 3530 92
