3120 5302
525 532 528 537 ’
659 523 818 583 -81-

181 651 321 725 adscitis
340 653 414 723 istis
430 651 575 723 nefariis
590 652 826 748 adjutoribus,
843 652 1127 727 circumvenerit.
1145 651 1299 724 Omnino

183 777 234 840 est
246 775 362 840 antem
382 790 498 862 opera
517 768 671 862 pretium
686 768 907 866 perpendere
921 777 956 843 et
966 774 1125 864 spectare
1139 769 1300 840 fraudem

184 885 396 956 nniversam.
419 883 471 955 Ab
491 883 607 970 initio,
622 907 733 981 quum
752 909 877 982 pacem
898 891 1086 981 expeteret,
1105 882 1301 956 latronibus

184 1000 260 1096 ejus
274 1022 425 1094 regnum
442 998 693 1094 diripientibus
704 1009 738 1074 et
751 1001 880 1074 clausis
894 1000 1124 1086 mercatibus,
1142 1005 1180 1071 ut
1195 998 1304 1071 nullis

186 1116 332 1187 omnino
354 1116 427 1186 suis
451 1114 554 1188 bonis
573 1116 644 1187 lrui
669 1123 800 1212 posset,
823 1117 919 1189 misit
943 1117 1015 1189 buc
1042 1116 1124 1189 illos
1147 1116 1209 1210 qui
1231 1098 1307 1187 hn-

187 1254 291 1304 mana
307 1231 416 1326 ipsius
432 1230 537 1304 verba
553 1234 811 1323 renuntiarent,
830 1233 1116 1330 Neoptolemum,
1130 1232 1308 1306 Aristode·

187 1372 302 1436 mum,
323 1349 589 1443 Ctesiphontem
606 1348 670 1448 (l).
690 1381 705 1418 11

238 1465 322 1549 Quis
348 1465 455 1537 fuerit
482 1465 540 1537 1116
571 1468 778 1564 Ctesiphon,
806 1467 986 1540 nonsatis
1014 1472 1162 1540 constat.
1188 1466 1255 1551 Qui
1280 1466 1309 1538 si

191 1583 285 1654 idem
302 1582 432 1676 estqui
453 1580 496 1653 de
517 1606 649 1656 corona
665 1583 894 1657 Demostheni
913 1581 1106 1655 tribuenda
1126 1581 1309 1656 decretum

193 1702 391 1796 proposuit,
415 1700 600 1797 probabile
620 1711 673 1776 est
693 1729 775 1777 eum
792 1707 828 1777 in
851 1703 1046 1778 referendis
1061 1701 1219 1798 Philippi
1235 1724 1312 1772 ver·

192 1815 247 1888 bis
268 1841 402 1891 errasse
422 1819 662 1915 potiusquam
681 1844 857 1916 peccasse.
872 1819 1118 1894 Aristodemus
1138 1830 1261 1891 contra
1278 1823 1313 1890 et

192 1933 462 2028 Neoptolemus,
486 1934 591 2008 ambo
622 1936 783 2033 tragoedi,
815 1935 860 2009 ob
888 1936 1053 2031 peritiam
1078 1935 1162 2007 artis
1185 1932 1314 2028 saepius

194 2050 299 2121 etiam
322 2054 605 2136 commemorati,
624 2053 755 2147 quibus
774 2058 920 2150 propter
936 2051 1125 2124 artificium
1142 2051 1247 2123 etiam
1270 2049 1315 2120 ad

198 2163 327 2254 hostes,
346 2164 447 2238 nullo
467 2167 640 2262 periculo,
656 2169 707 2240 ire
720 2168 833 2257 licuit,
852 2168 999 2263 protecti
1019 2167 1056 2238 in
1072 2165 1315 2239 Macedoniam

196 2289 307 2352 artem
333 2306 432 2354 suam
455 2289 741 2372 ostentaverunt3
764 2291 915 2380 uterque
939 2307 959 2356 a
980 2282 1143 2378 Philippo
1162 2280 1315 2376 benigne

196 2403 360 2491 exceptus
377 2404 411 2469 et
429 2399 589 2492 pecuniis
610 2406 734 2471 anctus
751 2398 919 2471 mandata
938 2398 1029 2494 regis
1046 2398 1204 2470 Athenas
1219 2403 1315 2467 retu·

196 2509 302 2600 lerat,
325 2513 459 2586 scilicet
484 2515 691 2612 Philippum
708 2515 916 2613 reipublicae
933 2516 1089 2589 amicum
1107 2538 1194 2601 esse,
1219 2511 1315 2586 unde

127 2703 138 2730 ⁸
197 2625 402 2701 factumest
425 2629 609 2703 decretum
632 2633 756 2727 populi
787 2639 826 2705 nt
850 2633 894 2705 ad
924 2656 1007 2704 eum
1035 2631 1141 2727 legati
1165 2629 1209 2703 de
1229 2653 1315 2725 pace

195 2739 421 2813 mitterentur
440 2739 504 2839 (t).
524 2746 564 2814 ln
588 2767 659 2838 quo
691 2750 813 2816 utrum
836 2744 903 2839 ipsi
937 2744 1076 2838 decepti
1109 2742 1245 2813 luerint
1269 2765 1315 2814 an
1402 2781 1405 2790 .

195 2857 347 2950 pecunia
367 2858 463 2952 regia
480 2859 652 2954 corrupti,
672 2882 741 2932 non
760 2885 778 2932 e
795 2859 1013 2954 conjectura,
1036 2858 1099 2930 sed
1115 2881 1157 2930 ex
1174 2857 1317 2929 utrius-

195 2995 263 3064 que
282 2973 419 3045 ratione
434 2973 554 3046 licebit
574 2980 739 3047 statuere.

245 3091 294 3161 De
326 3090 558 3186 Neoptolemo
599 3092 855 3164 Demosthenes
893 3090 996 3186 plura
1033 3090 1139 3161 etiam
1174 3089 1308 3162 retulit.

202 3234 218 3270 «
237 3209 355 3290 Quum
373 3209 628 3303 perspexissem
649 3209 922 3304 Neoptolemum
947 3207 1119 3281 artificem
1143 3231 1206 3303 per
1229 3231 1313 3303 spe-

194 3322 284 3391 ciem
303 3324 387 3394 artis
410 3325 635 3397 securitatem
653 3332 812 3412 nactum,
832 3323 1042 3420 reipublicae
1058 3348 1141 3398 xero
1159 3325 1312 3396 maxime

194 3438 392 3529 perniciosa
412 3439 631 3528 molientem,
654 3464 782 3536 resque
802 3447 932 3513 vestras
954 3437 998 3513 ad
1021 3441 1209 3512 utilitatem
1226 3439 1312 3510 Phi-

104 3600 106 3605 ι
193 3550 281 3648 lippi
301 3555 609 3629 administrantem
636 3566 669 3629 et
696 3556 768 3630 iere
791 3557 1000 3652 fingentem,
1027 3556 1143 3651 prodii
1162 3564 1196 3627 et
1216 3554 1312 3628 robis

193 3670 358 3762 exposui,
384 3670 491 3742 nullis
521 3672 664 3766 privatis
693 3672 909 3757 inimicitiis,
939 3670 1040 3743 nullo
1067 3670 1311 3743 calumniandi

193 3785 310 3858 studio
325 3786 514 3882 impulsus,
531 3786 837 3882 quemadmodum
860 3810 901 3859 ex
921 3788 964 3858 iis
982 3810 1062 3883 qnae
1078 3794 1198 3860 secuta
1212 3794 1306 3874 sunt,

115 3896 121 3907 “
194 3899 327 3972 sactum
348 3908 401 3973 est
418 3903 659 3998 perspicuum.
686 3906 802 3998 Atque
828 3904 865 3974 in
893 3903 950 3974 his
970 3926 1039 3974 non
1057 3903 1132 3998 jam
1152 3904 1310 3997 Neopto-

194 4014 277 4088 lemi
295 4015 497 4091 defensores
522 4018 696 4091 accusabo
720 4016 818 4115 (nam
843 4042 889 4091 ne
921 4042 1015 4091 unus
1040 4019 1186 4114 quidem
1213 4017 1306 4116 suit),

193 4135 253 4204 sed
270 4157 328 4206 vos
347 4135 453 4229 ipsos.
478 4136 513 4207 Si
535 4134 686 4206 enimin
708 4134 836 4206 Bacchi
855 4134 988 4230 templo
1010 4132 1186 4230 tragoedos
1204 4156 1311 4229 spec-

193 4249 341 4341 tassetis,
365 4275 437 4323 non
455 4251 498 4324 de
513 4249 721 4346 reipublicae
740 4249 992 4323 communibus
1012 4249 1116 4324 rebus
1140 4255 1174 4322 et
1197 4249 1309 4323 salute

162 4576 163 4579 Ἴ
235 4505 279 4589 (l)
296 4507 340 4580 ne
353 4509 429 4570 male
442 4518 524 4589 peste
534 4509 687 4590 leporione,
702 4513 771 4572 315.
783 4543 823 4556 -
833 4509 876 4591 (2)
890 4509 1011 4583 ididan,
1028 4508 1229 4590 prooemium.

1149 4608 1168 4664 6
