3120 5302
688 597 846 658 ..54-

741 903 799 974 Vl.

217 1136 306 1208 Qun
325 1135 484 1190 ratione
507 1133 675 1202 eolleflia
700 1133 859 1188 securim
883 1133 1175 1189 certaminibus
1200 1133 1329 1189 mnis

481 1233 649 1287 mentitu
668 1244 835 1302 oper-am
855 1226 1066 1287 dodonus?

267 1439 305 1506 tn
337 1434 573 1529 disputatione
603 1431 647 1504 de
677 1457 714 1504 re
746 1431 906 1522 ludicra,
934 1456 1011 1505 sero
1040 1430 1085 1506 ἃᾶ
1108 1432 1212 1507 ludos
1237 1434 1330 1530 ipsos

219 1548 362 1635 accedo,
385 1551 544 1644 ipsorum
563 1546 741 1622 artificum
758 1549 885 1621 rationi
900 1548 1102 1639 obsecutus,
1125 1571 1279 1644 quorum
1293 1551 1332 1622 in

220 1665 462 1740 monumentis
484 1689 539 1738 res
559 1665 698 1738 scenica
721 1665 818 1760 parvi
840 1665 948 1737 fuisse
961 1664 1100 1738 videtur
1116 1690 1190 1762 prae
1211 1690 1332 1740 rerum

222 1781 423 1855 diuinarum
437 1803 521 1854 eura
540 1788 574 1854 et
590 1804 710 1852 rerum
725 1780 883 1853 civilium
901 1782 946 1855 ad
965 1782 1058 1877 ipsos
1079 1783 1334 1878 pertinentium

217 1897 353 1975 studio.
370 1898 500 1993 Utique
528 1896 715 1994 diligenter
737 1898 972 1993 quaerendum
987 1905 1039 1971 est
1061 1898 1240 1995 quomodo
1260 1922 1334 1973 sce-

223 2016 304 2087 nica
334 2011 482 2110 collegia
516 2014 658 2086 muneri
687 2037 750 2086 suo
780 2037 852 2086 non
884 2014 1081 2102 defuerint,
1106 2015 1238 2089 seilicet
1266 2037 1337 2111 qua
1392 2087 1396 2093 .

226 2132 362 2205 ratione
387 2130 544 2203 civitates
567 2128 662 2202 ludis
681 2131 789 2203 sacris
809 2131 967 2204 scenicos
987 2129 1230 2222 adhibuerint,
1256 2156 1338 2204 rur-

227 2268 358 2341 susque
377 2244 444 2339 ipsi
459 2244 504 2317 ad
517 2243 712 2340 placandos
731 2244 968 2341 colendosque
988 2243 1072 2319 deos
1090 2269 1234 2342 operam
1250 2270 1340 2343 prae-

225 2360 380 2434 bueriut.

275 2476 493 2568 Civitatibus,
519 2477 556 2548 in
575 2475 705 2572 quibus
720 2477 896 2552 artificum
912 2478 1060 2576 collegia
1077 2477 1196 2553 sedem
1211 2501 1341 2575 posue-

226 2600 325 2683 rant,
353 2593 518 2681 Athenis,
548 2592 697 2680 Thebis,
724 2593 812 2684 Teo,
838 2619 1025 2693 uunquam
1044 2594 1094 2668 'ad
1124 2594 1342 2693 peragendos

225 2711 329 2785 ludos
344 2711 476 2784 scenici
491 2711 648 2784 deerant.
666 2712 855 2803 Praeterea,
876 2721 1021 2786 cautum
1040 2713 1107 2787 luit
1128 2715 1276 2788 Athenis
1295 2738 1341 2788 ne

226 2829 306 2924 quis
325 2851 449 2900 eorum
470 2827 588 2901 debita
611 2850 720 2924 opera
743 2829 920 2902 civitatem
949 2830 1129 2903 fraudaret
1150 2836 1185 2902 et
1207 2830 1342 2904 mulcta

226 2945 389 3040 irrogata,
404 2944 432 3015 si
448 2944 527 3039 quis
544 2944 751 3040 intempore
766 2945 936 3018 festorum
954 2967 1027 3017 non
1046 2943 1194 3018 adesset.
1208 2949 1342 3017 Exem-

228 3059 287 3155 plo
310 3066 363 3132 est
377 3059 564 3132 Thessalus
588 3050 787 3156 tragaedus;
817 3061 846 3133 is
866 3084 979 3156 quum
1003 3059 1193 3134 Alexandri
1215 3061 1338 3158 gratia,

228 3199 301 3250 sese
324 3173 366 3248 ad
388 3177 583 3248 certamina
596 3177 632 3248 in
648 3177 831 3250 Phoenicia
846 3178 1001 3250 maximo
1016 3182 1187 3273 apparatu
1204 3175 1343 3250 edenda

227 3291 447 3380 contulisset,
477 3293 642 3388 Dionysia
665 3290 835 3381 deseruit;
862 3293 1125 3391 propterquod
1152 3294 1343 3367 mulctatus

229 3409 272 3482 ab
291 3408 569 3482 Atheniensibus
592 3431 711 3506 regem
729 3411 864 3507 rogavit
881 3418 920 3483 ut
939 3434 1003 3506 per
1024 3409 1223 3484 litteras'ad
1239 3410 1346 3483 Athe·

230 3525 369 3597 nienses
384 3525 508 3597 missas
524 3548 603 3597 eam
626 3525 798 3599 mulctam
814 3528 1083 3623 deprecaretur3
1102 3550 1208 3620 quam
1221 3539 1345 3599 contra

229 3640 426 3714 Alexander
439 3641 514 3736 ipse
532 3641 667 3715 solvere
683 3641 809 3715 maluit
825 3645 887 3737 (l).
906 3645 952 3714 At
970 3642 1041 3714 suis
1061 3664 1135 3713 nou
1152 3649 1342 3727 contentae,

231 3754 364 3830 eaedem
392 3755 547 3830 civitates
572 3764 735 3831 externos
765 3781 908 3855 quoque
932 3757 1083 3830 artifices
1109 3757 1145 3828 iu
1178 3756 1345 3831 ludorum

231 3896 378 3945 suorum
398 3873 690 3946 communionem
712 3872 947 3946 admittebant
968 3880 1078 3970 atque·
1092 3873 1199 3946 etiam
1220 3874 1346 3946 invita·
1372 3881 1374 3883 ’

232 3988 328 4062 baut.
351 3989 501 4062 Athenis
517 4013 661 4085 nempe,
683 3988 870 4086 plerosque
890 3988 1053 4062 tibicines
1073 3989 1136 4085 qui
1158 3990 1195 4061 iu
1218 3987 1348 4062 fabulis

232 4106 376 4204 agendis
402 4115 464 4180 aut
490 4106 669 4180 inchoris
697 4106 891 4197 canebant,
919 4108 1126 4204 magistrum
1155 4107 1348 4202 aliquando

234 4225 365 4320 ipsum,
389 4226 598 4322 peregrinos
624 4223 731 4298 luisse
759 4223 910 4319 probant
937 4225 1174 4321 choragorum
1201 4223 1351 4298 dedica-

234 4342 349 4416 tiones
366 4342 431 4439 (ἲ).

278 4581 318 4661 (Ι)
344 4580 516 4659 Plutarch„
532 4580 693 4659 eleuant,
710 4581 759 4644 29.
773 4580 865 4662 -(2)
877 4581 919 4644 Le
933 4581 1004 4657 Bas,-
1019 4581 1152 4662 Attique,
1168 4584 1312 4644 lubili.
