3120 5302
832 929 894 1001 IX.

301 1234 511 1308 Quomodo
532 1236 722 1305 Romami,
740 1237 875 1291 liberm
897 1237 1131 1307 reipublicae
1152 1240 1424 1309 temporibus,

428 1335 659 1392 Graecorum
679 1338 839 1393 scenica
859 1338 1027 1407 collegia
1048 1331 1295 1392 habuerint?

354 1608 521 1681 Romanis
536 1609 681 1681 Grceciae
697 1609 987 1698 imminentibus,
1015 1633 1097 1683 mox
1116 1609 1422 1705 imperitantibus,

304 1747 385 1822 quoe
402 1723 509 1796 fuerit
530 1748 612 1821 erge
630 1726 779 1797 victores
799 1726 977 1798 artificum
995 1726 1220 1798 scenicorum
1238 1725 1419 1815 voluntcS,
1480 1745 1485 1758 ·

303 1841 405 1913 facile
427 1842 525 1914 exiis
546 1864 626 1938 quoe
651 1865 758 1937 supra
778 1842 930 1914 vidimus
952 1842 1145 1938 conjicias3
1169 1843 1320 1914 Romani
1340 1865 1425 1916 vero

302 1980 361 2030 eos
381 1980 609 2055 nequaquam
627 1982 646 2031 e
664 1982 727 2032 suo
751 1959 893 2055 ingenio
918 1964 953 2031 et
980 1960 1100 2054 patriis
1122 1958 1294 2031 institutis
1315 1982 1426 2033 occe-

303 2079 447 2168 perunt.

351 2195 400 2264 De
422 2191 572 2264 scenicis
591 2190 686 2288 apud
707 2195 884 2265 Romanos
904 2191 1087 2289 disputare
1105 2215 1125 2264 a
1140 2193 1321 2288 proposito
1337 2215 1424 2266 nos-

304 2315 358 2381 tro
383 2307 541 2380 alienum
564 2315 636 2396 est;
664 2331 777 2404 panca
794 2331 1075 2382 commemorare
1094 2308 1176 2381 sotis
1197 2309 1265 2380 erit
1290 2308 1425 2405 quibus

305 2431 471 2521 apparent
487 2448 558 2520 que
577 2426 781 2498 conditione
799 2425 944 2497 suerint.
965 2423 1071 2521 Apud
1086 2425 1230 2512 Tuscos,
1254 2426 1351 2499 unde
1369 2449 1426 2498 re·

306 2541 447 2636 ligionis
474 2564 580 2614 causo
607 2564 662 2613 crs
685 2540 825 2615 ludicra
846 2542 956 2614 accita
981 2547 1045 2628 est,
1076 2564 1193 2613 servos
1218 2541 1326 2615 inisse
1344 2541 1428 2614 his-

304 2659 438 2730 triones
462 2658 608 2731 tradidit
632 2657 927 2757 Livius(V11,c)
954 2660 1159 2754 Congruens
1183 2659 1269 2730 huic
1295 2659 1427 2754 origini

308 2778 550 2849 Romanorum
565 2778 700 2872 opinio,
725 2784 759 2852 ct
781 2778 983 2874 Scipionem
1002 2777 1125 2850 Cicero
1147 2776 1196 2849 ita
1217 2775 1426 2871 loquentem

307 2891 447 2972 induxit
465 2917 472 2964 :
499 2921 514 2959 o
533 2896 650 2978 Quum
666 2901 779 2967 artem
798 2894 973 2966 ludicram
990 2916 1204 2988 scenamque
1219 2897 1328 2964 totam
1342 2914 1428 2987 pro-

307 3004 371 3079 bro
394 3006 578 3093 ducerent,
595 3033 706 3105 genus
727 3008 763 3080 id
782 3010 972 3083 hominurn
990 3032 1060 3081 non
1087 3008 1195 3081 modo
1213 3008 1351 3079 honore
1376 3009 1429 3080 ci-

307 3125 405 3197 vium
424 3126 647 3223 reliquorum
675 3152 806 3218 carere,
838 3129 900 3201 sed
923 3129 1029 3201 etiam
1052 3126 1145 3199 tribu
1171 3127 1302 3198 moveri
1318 3130 1428 3199 nota-

311 3243 405 3314 tione
421 3244 783 3317 censoriuvolnernnt
794 3244 883 3344 (t).»
905 3243 1042 3318 Similia
1055 3244 1185 3329 Livius
1200 3243 1243 3315 de
1251 3240 1427 3315 Atellanis

310 3359 529 3431 mentionem
557 3360 716 3433 faciens:
740 3358 877 3446 «Quod
903 3384 1014 3457 genus
1041 3359 1210 3433 ludorum
1239 3368 1426 3456 acceptum

310 3477 426 3547 tenuit
441 3475 620 3572 juventus,
644 3482 769 3552 neceb
788 3479 1023 3552 histrionibus
1041 3479 1153 3575 pollui
1171 3500 1272 3574 possa
1291 3484 1353 3550 est.
1375 3481 1427 3550 Eo

310 3593 511 3665 institutum
531 3602 650 3668 manet
667 3602 706 3668 ut
721 3603 855 3670 actores
876 3595 1122 3669 Atellanornm
1143 3618 1210 3668 nec
1233 3593 1328 3667 tribu
1348 3618 1428 3667 mo-

309 3717 457 3782 veantur
484 3716 519 3783 et
543 3712 732 3808 stipendia,
763 3721 934 3809 tanquam
964 3719 1123 3807 expertes
1149 3711 1233 3784 artis
1259 3708 1423 3799 ludicrae‚

310 3825 443 3899 saciant
454 3826 518 3925 (2).
537 3861 553 3893 »
568 3827 705 3900 Clarius
720 3830 827 3901 etiam
839 3853 910 3924 quo
927 3829 1006 3901 loco
1020 3827 1152 3901 fuerint
1166 3827 1298 3900 scenici
1310 3834 1426 3901 osten-

307 3940 365 4014 det
387 3942 560 4036 particula
581 3943 657 4039 ejus
681 3943 767 4038 legis
791 3965 870 4039 quae
889 3945 960 4014 Lex
980 3941 1073 4014 iulio
1096 3942 1322 4038 Municipclis
1343 3944 1425 4015 ins-

309 4054 470 4129 cribitur.
483 4057 677 4151 Designatis
691 4057 788 4128 enirn
799 4055 1006 4129 hominibus
1018 4057 1148 4153 quibus
1161 4055 1427 4153 magistratibus

307 4171 545 4261 interdicitur,
566 4177 711 4268 propter
740 4171 868 4244 delicto
894 4173 990 4245 domi
1018 4172 1226 4270 militiaeque
1250 4173 1422 4260 admissa,

308 4288 402 4359 inter
422 4287 625 4382 turpissima
644 4286 793 4359 artificia
816 4287 1017 4360 reseruntur
1037 4289 1168 4362 scenici
1187 4320 1204 4354 r
1222 4290 1326 4384 quive
1348 4311 1426 4362 cor-

344 4534 388 4614 (t)
409 4534 609 4614 Respublica,
624 4536 677 4612 lv,
692 4555 723 4612 x,
741 4539 786 4597 10.
802 4571 839 4582 -
856 4535 898 4616 (d)
916 4536 1032 4611 Livius,
1050 4536 1115 4608 VII,
1132 4540 1162 4597 2.
