<?xml version="1.0" encoding="UTF-8"?>
<!DOCTYPE html PUBLIC "-//W3C//DTD XHTML 1.0 Transitional//EN"
    "http://www.w3.org/TR/xhtml1/DTD/xhtml1-transitional.dtd">
<html xmlns="http://www.w3.org/1999/xhtml" xml:lang="en" lang="en">
 <head>
  <title>
</title>
<meta http-equiv="Content-Type" content="text/html;charset=utf-8" />
  <meta name='ocr-system' content='tesseract 3.04.00' />
  <meta name='ocr-capabilities' content='ocr_page ocr_carea ocr_par ocr_line ocrx_word'/>
</head>
<body>
  <div class='ocr_page' id='page_1' title='image "./decollegiisscen00foucgoog_0110.png"; bbox 0 0 3120 5302; ppageno 0'>
   <div class='ocr_carea' id='block_1_1' title="bbox 756 483 915 541">
    <p class='ocr_par' dir='ltr' id='par_1_1' title="bbox 756 483 915 541">
     <span class='ocr_line' id='line_1_1' title="bbox 756 483 915 541; baseline 0.006 -18"><span class='ocrx_word' id='word_1_1' title='bbox 756 483 915 541; x_wconf 72' lang='grc'>..94-</span> 
     </span>
    </p>
   </div>
   <div class='ocr_carea' id='block_1_2' title="bbox 278 610 1451 3756">
    <p class='ocr_par' dir='ltr' id='par_1_2' title="bbox 278 610 1403 1413">
     <span class='ocr_line' id='line_1_2' title="bbox 278 610 1399 709; baseline -0.002 -23"><span class='ocrx_word' id='word_1_2' title='bbox 278 613 502 709; x_wconf 88' lang='lat' dir='ltr'>imperatoris</span> <span class='ocrx_word' id='word_1_3' title='bbox 517 612 715 708; x_wconf 90' lang='lat' dir='ltr'>patrocinio</span> <span class='ocrx_word' id='word_1_4' title='bbox 734 620 993 702; x_wconf 81' lang='lat' dir='ltr'>consecratum,</span> <span class='ocrx_word' id='word_1_5' title='bbox 1011 610 1161 685; x_wconf 78' lang='lat' dir='ltr'><strong>decretis</strong></span> <span class='ocrx_word' id='word_1_6' title='bbox 1181 636 1253 686; x_wconf 87' lang='lat' dir='ltr'>surs</span> <span class='ocrx_word' id='word_1_7' title='bbox 1274 613 1399 686; x_wconf 88' lang='lat' dir='ltr'>amoi-</span> 
     </span>
     <span class='ocr_line' id='line_1_3' title="bbox 278 729 1398 830; baseline -0.002 -26"><span class='ocrx_word' id='word_1_8' title='bbox 278 732 408 804; x_wconf 93' lang='lat' dir='ltr'>tiosum</span> <span class='ocrx_word' id='word_1_9' title='bbox 425 731 582 818; x_wconf 87' lang='lat' dir='ltr'>titulum</span> <span class='ocrx_word' id='word_1_10' title='bbox 613 733 806 826; x_wconf 75' lang='lat' dir='ltr'>praeposuit</span> <span class='ocrx_word' id='word_1_11' title='bbox 825 729 890 830; x_wconf 99' lang='grc'>(1).</span> <span class='ocrx_word' id='word_1_12' title='bbox 912 731 1015 817; x_wconf 82' lang='lat' dir='ltr'>Quod</span> <span class='ocrx_word' id='word_1_13' title='bbox 1039 731 1304 804; x_wconf 89' lang='lat' dir='ltr'>incrementum</span> <span class='ocrx_word' id='word_1_14' title='bbox 1325 734 1398 803; x_wconf 92' lang='lat' dir='ltr'>Ha·</span> 
     </span>
     <span class='ocr_line' id='line_1_4' title="bbox 278 845 1395 945; baseline -0.001 -25"><span class='ocrx_word' id='word_1_15' title='bbox 278 846 394 922; x_wconf 92' lang='lat' dir='ltr'>driani</span> <span class='ocrx_word' id='word_1_16' title='bbox 415 847 635 944; x_wconf 79' lang='lat' dir='ltr'>temporibus</span> <span class='ocrx_word' id='word_1_17' title='bbox 656 848 824 944; x_wconf 83' lang='lat' dir='ltr'>assignari</span> <span class='ocrx_word' id='word_1_18' title='bbox 844 872 945 945; x_wconf 93' lang='lat' dir='ltr'>posse</span> <span class='ocrx_word' id='word_1_19' title='bbox 961 853 1134 921; x_wconf 82' lang='lat' dir='ltr'>testantur</span> <span class='ocrx_word' id='word_1_20' title='bbox 1151 845 1222 920; x_wconf 95' lang='lat' dir='ltr'>duo</span> <span class='ocrx_word' id='word_1_21' title='bbox 1237 845 1395 944; x_wconf 90' lang='lat' dir='ltr'>lapides;</span> 
     </span>
     <span class='ocr_line' id='line_1_5' title="bbox 280 963 1399 1062; baseline -0.002 -24"><span class='ocrx_word' id='word_1_22' title='bbox 280 989 373 1038; x_wconf 93' lang='lat' dir='ltr'>unus</span> <span class='ocrx_word' id='word_1_23' title='bbox 393 964 515 1062; x_wconf 80' lang='lat' dir='ltr'>graecis</span> <span class='ocrx_word' id='word_1_24' title='bbox 540 971 574 1039; x_wconf 93' lang='lat' dir='ltr'>et</span> <span class='ocrx_word' id='word_1_25' title='bbox 591 964 710 1037; x_wconf 89' lang='lat' dir='ltr'>latinis</span> <span class='ocrx_word' id='word_1_26' title='bbox 729 963 845 1038; x_wconf 90' lang='lat' dir='ltr'>verbis</span> <span class='ocrx_word' id='word_1_27' title='bbox 866 971 1058 1061; x_wconf 88' lang='lat' dir='ltr'>conceptus</span> <span class='ocrx_word' id='word_1_28' title='bbox 1084 965 1252 1037; x_wconf 89' lang='lat' dir='ltr'>Nemausi</span> <span class='ocrx_word' id='word_1_29' title='bbox 1274 987 1399 1061; x_wconf 87' lang='lat' dir='ltr'>reper-</span> 
     </span>
     <span class='ocr_line' id='line_1_6' title="bbox 278 1079 1403 1178; baseline 0.001 -24"><span class='ocrx_word' id='word_1_30' title='bbox 278 1089 336 1154; x_wconf 89' lang='lat' dir='ltr'>tus</span> <span class='ocrx_word' id='word_1_31' title='bbox 357 1089 423 1170; x_wconf 87' lang='lat' dir='ltr'>est,</span> <span class='ocrx_word' id='word_1_32' title='bbox 446 1081 507 1154; x_wconf 93' lang='lat' dir='ltr'>sed</span> <span class='ocrx_word' id='word_1_33' title='bbox 531 1081 706 1154; x_wconf 88' lang='lat' dir='ltr'>nonnulla</span> <span class='ocrx_word' id='word_1_34' title='bbox 729 1083 913 1178; x_wconf 90' lang='lat' dir='ltr'>perierunt</span> <span class='ocrx_word' id='word_1_35' title='bbox 936 1088 997 1154; x_wconf 89' lang='lat' dir='ltr'>aut</span> <span class='ocrx_word' id='word_1_36' title='bbox 1021 1104 1042 1153; x_wconf 86' lang='lat' dir='ltr'>a</span> <span class='ocrx_word' id='word_1_37' title='bbox 1069 1079 1244 1153; x_wconf 88' lang='lat' dir='ltr'>scribente</span> <span class='ocrx_word' id='word_1_38' title='bbox 1268 1083 1403 1156; x_wconf 85' lang='lat' dir='ltr'>omissa</span> 
     </span>
     <span class='ocr_line' id='line_1_7' title="bbox 281 1196 1398 1295; baseline 0.001 -25"><span class='ocrx_word' id='word_1_39' title='bbox 281 1203 383 1285; x_wconf 91' lang='lat' dir='ltr'>sunt;</span> <span class='ocrx_word' id='word_1_40' title='bbox 407 1197 571 1285; x_wconf 89' lang='lat' dir='ltr'>alterum,</span> <span class='ocrx_word' id='word_1_41' title='bbox 597 1221 704 1293; x_wconf 93' lang='lat' dir='ltr'>quem</span> <span class='ocrx_word' id='word_1_42' title='bbox 735 1197 920 1294; x_wconf 80' lang='lat' dir='ltr'>descripsit</span> <span class='ocrx_word' id='word_1_43' title='bbox 944 1206 979 1272; x_wconf 92' lang='lat' dir='ltr'>et</span> <span class='ocrx_word' id='word_1_44' title='bbox 1004 1196 1115 1271; x_wconf 90' lang='lat' dir='ltr'>edidit</span> <span class='ocrx_word' id='word_1_45' title='bbox 1138 1196 1398 1295; x_wconf 85' lang='lat' dir='ltr'>Waddington,</span> 
     </span>
     <span class='ocr_line' id='line_1_8' title="bbox 281 1313 744 1413; baseline -0.004 -25"><span class='ocrx_word' id='word_1_46' title='bbox 281 1316 388 1413; x_wconf 90' lang='lat' dir='ltr'>paulo</span> <span class='ocrx_word' id='word_1_47' title='bbox 405 1315 496 1387; x_wconf 86' lang='lat' dir='ltr'>iufra</span> <span class='ocrx_word' id='word_1_48' title='bbox 511 1313 658 1388; x_wconf 82' lang='lat' dir='ltr'>alteram</span> <span class='ocrx_word' id='word_1_49' title='bbox 678 1313 744 1413; x_wconf 89' lang='grc'>(1).</span> 
     </span>
    </p>

    <p class='ocr_par' dir='ltr' id='par_1_3' title="bbox 283 1430 1404 2117">
     <span class='ocr_line' id='line_1_9' title="bbox 331 1430 1402 1530; baseline 0.002 -26"><span class='ocrx_word' id='word_1_50' title='bbox 331 1432 430 1505; x_wconf 89' lang='lat' dir='ltr'>Idem</span> <span class='ocrx_word' id='word_1_51' title='bbox 457 1433 695 1528; x_wconf 85' lang='lat' dir='ltr'>patrocinium</span> <span class='ocrx_word' id='word_1_52' title='bbox 716 1432 868 1527; x_wconf 86' lang='lat' dir='ltr'>suscepit</span> <span class='ocrx_word' id='word_1_53' title='bbox 890 1432 1060 1506; x_wconf 89' lang='lat' dir='ltr'>Hadriani</span> <span class='ocrx_word' id='word_1_54' title='bbox 1083 1432 1196 1520; x_wconf 87' lang='lat' dir='ltr'>filius;</span> <span class='ocrx_word' id='word_1_55' title='bbox 1218 1431 1314 1530; x_wconf 91' lang='lat' dir='ltr'>quod</span> <span class='ocrx_word' id='word_1_56' title='bbox 1334 1430 1402 1506; x_wconf 88' lang='lat' dir='ltr'>de—</span> 
     </span>
     <span class='ocr_line' id='line_1_10' title="bbox 283 1547 1394 1644; baseline -0.001 -23"><span class='ocrx_word' id='word_1_57' title='bbox 283 1549 391 1622; x_wconf 91' lang='lat' dir='ltr'>clarat</span> <span class='ocrx_word' id='word_1_58' title='bbox 408 1549 498 1644; x_wconf 88' lang='lat' dir='ltr'>lapis</span> <span class='ocrx_word' id='word_1_59' title='bbox 517 1549 654 1621; x_wconf 82' lang='lat' dir='ltr'>Atticus</span> <span class='ocrx_word' id='word_1_60' title='bbox 675 1572 683 1620; x_wconf 91' lang='lat'>:</span> <span class='ocrx_word' id='word_1_61' title='bbox 713 1577 730 1616; x_wconf 89' lang='lat'>«</span> <span class='ocrx_word' id='word_1_62' title='bbox 750 1551 937 1622; x_wconf 87' lang='lat' dir='ltr'>Decretum</span> <span class='ocrx_word' id='word_1_63' title='bbox 954 1574 1061 1623; x_wconf 90' lang='lat' dir='ltr'>sacrae</span> <span class='ocrx_word' id='word_1_64' title='bbox 1085 1547 1312 1639; x_wconf 84' lang='lat' dir='ltr'>Hadrianeae,</span> <span class='ocrx_word' id='word_1_65' title='bbox 1327 1552 1394 1622; x_wconf 80' lang='lat' dir='ltr'>An·</span> 
     </span>
     <span class='ocr_line' id='line_1_11' title="bbox 283 1665 1404 1764; baseline 0.001 -27"><span class='ocrx_word' id='word_1_66' title='bbox 283 1665 416 1738; x_wconf 81' lang='lat' dir='ltr'>toninae</span> <span class='ocrx_word' id='word_1_67' title='bbox 429 1665 629 1761; x_wconf 74' lang='lat' dir='ltr'>thymelica</span> <span class='ocrx_word' id='word_1_68' title='bbox 645 1665 892 1762; x_wconf 84' lang='lat' dir='ltr'>peripolisticae</span> <span class='ocrx_word' id='word_1_69' title='bbox 908 1690 1046 1763; x_wconf 78' lang='lat' dir='ltr'>magnae</span> <span class='ocrx_word' id='word_1_70' title='bbox 1059 1666 1184 1764; x_wconf 79' lang='lat' dir='ltr'>synodi</span> <span class='ocrx_word' id='word_1_71' title='bbox 1197 1690 1323 1740; x_wconf 91' lang='lat' dir='ltr'>eorum</span> <span class='ocrx_word' id='word_1_72' title='bbox 1338 1665 1404 1763; x_wconf 93' lang='lat' dir='ltr'>qui</span> 
     </span>
     <span class='ocr_line' id='line_1_12' title="bbox 285 1783 1402 1881; baseline 0 -25"><span class='ocrx_word' id='word_1_73' title='bbox 285 1805 328 1856; x_wconf 86' lang='lat' dir='ltr'>ex</span> <span class='ocrx_word' id='word_1_74' title='bbox 349 1791 425 1859; x_wconf 90' lang='lat' dir='ltr'>toto</span> <span class='ocrx_word' id='word_1_75' title='bbox 450 1783 535 1857; x_wconf 93' lang='lat' dir='ltr'>orbe</span> <span class='ocrx_word' id='word_1_76' title='bbox 561 1789 736 1857; x_wconf 89' lang='lat' dir='ltr'>terrarum</span> <span class='ocrx_word' id='word_1_77' title='bbox 763 1784 857 1857; x_wconf 87' lang='lat' dir='ltr'>circa</span> <span class='ocrx_word' id='word_1_78' title='bbox 875 1784 1057 1858; x_wconf 87' lang='lat' dir='ltr'>Bacchum</span> <span class='ocrx_word' id='word_1_79' title='bbox 1084 1791 1118 1858; x_wconf 90' lang='lat' dir='ltr'>et</span> <span class='ocrx_word' id='word_1_80' title='bbox 1144 1787 1402 1881; x_wconf 85' lang='lat' dir='ltr'>Imperatorem</span> 
     </span>
     <span class='ocr_line' id='line_1_13' title="bbox 283 1898 1404 1998; baseline -0.003 -23"><span class='ocrx_word' id='word_1_81' title='bbox 283 1905 458 1975; x_wconf 90' lang='lat' dir='ltr'>Caesarem</span> <span class='ocrx_word' id='word_1_82' title='bbox 482 1904 522 1973; x_wconf 87' lang='lat' dir='ltr'>T.</span> <span class='ocrx_word' id='word_1_83' title='bbox 547 1900 681 1973; x_wconf 89' lang='lat' dir='ltr'>AElium</span> <span class='ocrx_word' id='word_1_84' title='bbox 711 1898 932 1973; x_wconf 82' lang='lat' dir='ltr'>Hadrianum</span> <span class='ocrx_word' id='word_1_85' title='bbox 957 1902 1180 1975; x_wconf 80' lang='lat' dir='ltr'>Antoninum</span> <span class='ocrx_word' id='word_1_86' title='bbox 1201 1903 1404 1998; x_wconf 80' lang='lat' dir='ltr'>Augustum</span> 
     </span>
     <span class='ocr_line' id='line_1_14' title="bbox 284 2015 1193 2117; baseline -0.006 -27"><span class='ocrx_word' id='word_1_87' title='bbox 284 2020 400 2110; x_wconf 76' lang='lat' dir='ltr'>Pium,</span> <span class='ocrx_word' id='word_1_88' title='bbox 419 2041 552 2091; x_wconf 85' lang='lat' dir='ltr'>novum</span> <span class='ocrx_word' id='word_1_89' title='bbox 569 2018 764 2105; x_wconf 85' lang='lat' dir='ltr'>Bacchum,</span> <span class='ocrx_word' id='word_1_90' title='bbox 786 2033 881 2108; x_wconf 84' lang='lat' dir='ltr'>sunt,</span> <span class='ocrx_word' id='word_1_91' title='bbox 899 2019 1076 2091; x_wconf 87' lang='lat' dir='ltr'>artificum</span> <span class='ocrx_word' id='word_1_92' title='bbox 1093 2015 1159 2117; x_wconf 86' lang='lat'><strong>(3).</strong></span> <span class='ocrx_word' id='word_1_93' title='bbox 1177 2047 1193 2086; x_wconf 89' lang='lat'>»</span> 
     </span>
    </p>

    <p class='ocr_par' dir='ltr' id='par_1_4' title="bbox 284 2131 1407 2699">
     <span class='ocr_line' id='line_1_15' title="bbox 333 2131 1403 2231; baseline -0.004 -23"><span class='ocrx_word' id='word_1_94' title='bbox 333 2136 384 2208; x_wconf 83' lang='lat' dir='ltr'>Ex</span> <span class='ocrx_word' id='word_1_95' title='bbox 407 2135 476 2209; x_wconf 95' lang='lat' dir='ltr'>alio</span> <span class='ocrx_word' id='word_1_96' title='bbox 502 2134 605 2207; x_wconf 91' lang='lat' dir='ltr'>titulo</span> <span class='ocrx_word' id='word_1_97' title='bbox 625 2140 760 2206; x_wconf 85' lang='lat' dir='ltr'>constat</span> <span class='ocrx_word' id='word_1_98' title='bbox 780 2134 1009 2224; x_wconf 71' lang='lat' dir='ltr'>caracallam,</span> <span class='ocrx_word' id='word_1_99' title='bbox 1030 2158 1143 2231; x_wconf 91' lang='lat' dir='ltr'>quum</span> <span class='ocrx_word' id='word_1_100' title='bbox 1168 2158 1204 2208; x_wconf 94' lang='lat' dir='ltr'>se</span> <span class='ocrx_word' id='word_1_101' title='bbox 1224 2131 1403 2207; x_wconf 74' lang='lat' dir='ltr'>haeredem</span> 
     </span>
     <span class='ocr_line' id='line_1_16' title="bbox 284 2249 1407 2348; baseline -0.004 -22"><span class='ocrx_word' id='word_1_102' title='bbox 284 2251 549 2326; x_wconf 77' lang='lat' dir='ltr'>Antoninorum</span> <span class='ocrx_word' id='word_1_103' title='bbox 574 2259 608 2326; x_wconf 92' lang='lat' dir='ltr'>et</span> <span class='ocrx_word' id='word_1_104' title='bbox 628 2252 816 2324; x_wconf 85' lang='lat' dir='ltr'>Commodi</span> <span class='ocrx_word' id='word_1_105' title='bbox 844 2252 951 2324; x_wconf 88' lang='lat' dir='ltr'>etiam</span> <span class='ocrx_word' id='word_1_106' title='bbox 981 2258 1146 2348; x_wconf 89' lang='lat' dir='ltr'>nepotem</span> <span class='ocrx_word' id='word_1_107' title='bbox 1166 2252 1328 2348; x_wconf 84' lang='lat' dir='ltr'>jactaret,</span> <span class='ocrx_word' id='word_1_108' title='bbox 1353 2249 1407 2322; x_wconf 93' lang='lat' dir='ltr'>li-</span> 
     </span>
     <span class='ocr_line' id='line_1_17' title="bbox 285 2365 1403 2466; baseline -0.004 -23"><span class='ocrx_word' id='word_1_109' title='bbox 285 2370 412 2443; x_wconf 87' lang='lat' dir='ltr'>benter</span> <span class='ocrx_word' id='word_1_110' title='bbox 428 2371 509 2443; x_wconf 83' lang='lat' dir='ltr'>novi</span> <span class='ocrx_word' id='word_1_111' title='bbox 524 2369 653 2441; x_wconf 86' lang='lat' dir='ltr'>Bacchi</span> <span class='ocrx_word' id='word_1_112' title='bbox 668 2391 864 2464; x_wconf 81' lang='lat' dir='ltr'>cognomen</span> <span class='ocrx_word' id='word_1_113' title='bbox 880 2368 923 2440; x_wconf 92' lang='lat' dir='ltr'>ab</span> <span class='ocrx_word' id='word_1_114' title='bbox 937 2367 1133 2441; x_wconf 85' lang='lat' dir='ltr'>artificibus</span> <span class='ocrx_word' id='word_1_115' title='bbox 1148 2368 1323 2464; x_wconf 85' lang='lat' dir='ltr'>accepisse</span> <span class='ocrx_word' id='word_1_116' title='bbox 1335 2365 1403 2466; x_wconf 81' lang='grc'>(4);</span> 
     </span>
     <span class='ocr_line' id='line_1_18' title="bbox 284 2482 1407 2560; baseline -0.002 -1"><span class='ocrx_word' id='word_1_117' title='bbox 284 2488 381 2560; x_wconf 93' lang='lat' dir='ltr'>unde</span> <span class='ocrx_word' id='word_1_118' title='bbox 404 2489 444 2559; x_wconf 89' lang='lat' dir='ltr'>tit</span> <span class='ocrx_word' id='word_1_119' title='bbox 460 2485 650 2559; x_wconf 89' lang='lat' dir='ltr'>verisimile</span> <span class='ocrx_word' id='word_1_120' title='bbox 672 2493 705 2558; x_wconf 89' lang='lat' dir='ltr'>et</span> <span class='ocrx_word' id='word_1_121' title='bbox 727 2488 886 2557; x_wconf 89' lang='lat' dir='ltr'>Marcum</span> <span class='ocrx_word' id='word_1_122' title='bbox 905 2485 1091 2558; x_wconf 88' lang='lat' dir='ltr'>Aurelium</span> <span class='ocrx_word' id='word_1_123' title='bbox 1108 2492 1142 2559; x_wconf 92' lang='lat' dir='ltr'>et</span> <span class='ocrx_word' id='word_1_124' title='bbox 1164 2482 1407 2559; x_wconf 90' lang='lat' dir='ltr'>Commodum</span> 
     </span>
     <span class='ocr_line' id='line_1_19' title="bbox 286 2601 1049 2699; baseline -0.004 -22"><span class='ocrx_word' id='word_1_125' title='bbox 286 2604 412 2677; x_wconf 91' lang='lat' dir='ltr'>eodem</span> <span class='ocrx_word' id='word_1_126' title='bbox 430 2603 569 2699; x_wconf 81' lang='lat' dir='ltr'>collegii</span> <span class='ocrx_word' id='word_1_127' title='bbox 587 2603 784 2698; x_wconf 90' lang='lat' dir='ltr'>patrocinio</span> <span class='ocrx_word' id='word_1_128' title='bbox 802 2601 941 2676; x_wconf 87' lang='lat' dir='ltr'>iunctos</span> <span class='ocrx_word' id='word_1_129' title='bbox 962 2626 1049 2676; x_wconf 91' lang='lat' dir='ltr'>esse.</span> 
     </span>
    </p>

    <p class='ocr_par' dir='ltr' id='par_1_5' title="bbox 286 2717 1451 3756">
     <span class='ocr_line' id='line_1_20' title="bbox 288 2717 1408 2815; baseline -0.001 -22"><span class='ocrx_word' id='word_1_130' title='bbox 288 2748 290 2751; x_wconf 92' lang='lat'>·</span> <span class='ocrx_word' id='word_1_131' title='bbox 335 2723 422 2806; x_wconf 86' lang='lat' dir='ltr'>Quae</span> <span class='ocrx_word' id='word_1_132' title='bbox 439 2718 622 2807; x_wconf 84' lang='lat' dir='ltr'>vocabula,</span> <span class='ocrx_word' id='word_1_133' title='bbox 647 2724 685 2790; x_wconf 89' lang='lat' dir='ltr'>ut</span> <span class='ocrx_word' id='word_1_134' title='bbox 706 2718 744 2789; x_wconf 85' lang='lat' dir='ltr'>fit</span> <span class='ocrx_word' id='word_1_135' title='bbox 766 2718 803 2789; x_wconf 94' lang='lat' dir='ltr'>in</span> <span class='ocrx_word' id='word_1_136' title='bbox 825 2717 1085 2791; x_wconf 89' lang='lat' dir='ltr'>recentioribus</span> <span class='ocrx_word' id='word_1_137' title='bbox 1105 2719 1231 2810; x_wconf 84' lang='lat' dir='ltr'>titulis,</span> <span class='ocrx_word' id='word_1_138' title='bbox 1249 2717 1408 2815; x_wconf 90' lang='lat' dir='ltr'>plurima</span> 
     </span>
     <span class='ocr_line' id='line_1_21' title="bbox 286 2835 1407 2935; baseline -0.003 -24"><span class='ocrx_word' id='word_1_139' title='bbox 286 2844 541 2935; x_wconf 82' lang='lat' dir='ltr'>congeruntur,</span> <span class='ocrx_word' id='word_1_140' title='bbox 559 2861 600 2911; x_wconf 88' lang='lat' dir='ltr'>ea</span> <span class='ocrx_word' id='word_1_141' title='bbox 616 2835 719 2910; x_wconf 77' lang='lat' dir='ltr'>facile</span> <span class='ocrx_word' id='word_1_142' title='bbox 735 2843 788 2908; x_wconf 91' lang='lat' dir='ltr'>est</span> <span class='ocrx_word' id='word_1_143' title='bbox 804 2836 1041 2931; x_wconf 90' lang='lat' dir='ltr'>interpretari.</span> <span class='ocrx_word' id='word_1_144' title='bbox 1065 2837 1171 2909; x_wconf 86' lang='lat' dir='ltr'>Sacra</span> <span class='ocrx_word' id='word_1_145' title='bbox 1185 2836 1331 2932; x_wconf 92' lang='lat' dir='ltr'>quidem</span> <span class='ocrx_word' id='word_1_146' title='bbox 1347 2836 1407 2908; x_wconf 95' lang='lat' dir='ltr'>di-</span> 
     </span>
     <span class='ocr_line' id='line_1_22' title="bbox 286 2953 1408 3052; baseline -0.004 -22"><span class='ocrx_word' id='word_1_147' title='bbox 286 2957 378 3030; x_wconf 87' lang='lat' dir='ltr'>citur</span> <span class='ocrx_word' id='word_1_148' title='bbox 393 2955 560 3052; x_wconf 71' lang='lat' dir='ltr'>synodus,</span> <span class='ocrx_word' id='word_1_149' title='bbox 578 2962 698 3050; x_wconf 93' lang='lat' dir='ltr'>utpote</span> <span class='ocrx_word' id='word_1_150' title='bbox 718 2955 864 3050; x_wconf 89' lang='lat' dir='ltr'>antiquo</span> <span class='ocrx_word' id='word_1_151' title='bbox 883 2954 1013 3028; x_wconf 90' lang='lat' dir='ltr'>Bacchi</span> <span class='ocrx_word' id='word_1_152' title='bbox 1032 2959 1067 3026; x_wconf 89' lang='grc'>61</span> <span class='ocrx_word' id='word_1_153' title='bbox 1086 2976 1177 3026; x_wconf 89' lang='lat' dir='ltr'>novo</span> <span class='ocrx_word' id='word_1_154' title='bbox 1199 2953 1408 3049; x_wconf 87' lang='lat' dir='ltr'>principum</span> 
     </span>
     <span class='ocr_line' id='line_1_23' title="bbox 286 3067 1410 3169; baseline -0.004 -23"><span class='ocrx_word' id='word_1_155' title='bbox 286 3074 484 3169; x_wconf 91' lang='lat' dir='ltr'>patrocinio</span> <span class='ocrx_word' id='word_1_156' title='bbox 507 3078 724 3146; x_wconf 88' lang='lat' dir='ltr'>consecrata.</span> <span class='ocrx_word' id='word_1_157' title='bbox 751 3069 956 3166; x_wconf 78' lang='lat' dir='ltr'>Thymelica</span> <span class='ocrx_word' id='word_1_158' title='bbox 979 3068 1034 3141; x_wconf 83' lang='lat' dir='ltr'>rel</span> <span class='ocrx_word' id='word_1_159' title='bbox 1062 3070 1198 3142; x_wconf 90' lang='lat' dir='ltr'>musica</span> <span class='ocrx_word' id='word_1_160' title='bbox 1215 3093 1327 3166; x_wconf 81' lang='lat' dir='ltr'>genus</span> <span class='ocrx_word' id='word_1_161' title='bbox 1346 3067 1410 3142; x_wconf 93' lang='lat' dir='ltr'>de-</span> 
     </span>
     <span class='ocr_line' id='line_1_24' title="bbox 287 3185 1409 3285; baseline -0.002 -25"><span class='ocrx_word' id='word_1_162' title='bbox 287 3190 400 3285; x_wconf 83' lang='lat' dir='ltr'>signat</span> <span class='ocrx_word' id='word_1_163' title='bbox 419 3214 463 3262; x_wconf 90' lang='lat' dir='ltr'>ne</span> <span class='ocrx_word' id='word_1_164' title='bbox 483 3212 564 3261; x_wconf 90' lang='lat' dir='ltr'>oum</span> <span class='ocrx_word' id='word_1_165' title='bbox 584 3187 716 3284; x_wconf 78' lang='lat' dir='ltr'>xystica</span> <span class='ocrx_word' id='word_1_166' title='bbox 738 3185 885 3282; x_wconf 77' lang='lat' dir='ltr'>synodo,</span> <span class='ocrx_word' id='word_1_167' title='bbox 908 3210 988 3281; x_wconf 84' lang='lat' dir='ltr'>quae</span> <span class='ocrx_word' id='word_1_168' title='bbox 1009 3190 1060 3257; x_wconf 92' lang='lat' dir='ltr'>est</span> <span class='ocrx_word' id='word_1_169' title='bbox 1078 3186 1307 3277; x_wconf 86' lang='lat' dir='ltr'>athletarum,</span> <span class='ocrx_word' id='word_1_170' title='bbox 1325 3209 1409 3259; x_wconf 92' lang='lat' dir='ltr'>con-</span> 
     </span>
     <span class='ocr_line' id='line_1_25' title="bbox 287 3302 1408 3390; baseline -0.002 -14"><span class='ocrx_word' id='word_1_171' title='bbox 287 3304 611 3390; x_wconf 70' lang='lat' dir='ltr'>lundatu1².Quum</span> <span class='ocrx_word' id='word_1_172' title='bbox 635 3327 759 3376; x_wconf 87' lang='lat' dir='ltr'>omnes</span> <span class='ocrx_word' id='word_1_173' title='bbox 784 3328 826 3376; x_wconf 85' lang='lat' dir='ltr'>ex</span> <span class='ocrx_word' id='word_1_174' title='bbox 854 3310 926 3376; x_wconf 92' lang='lat' dir='ltr'>toto</span> <span class='ocrx_word' id='word_1_175' title='bbox 949 3302 1035 3376; x_wconf 89' lang='lat' dir='ltr'>orbe</span> <span class='ocrx_word' id='word_1_176' title='bbox 1059 3310 1233 3375; x_wconf 86' lang='lat' dir='ltr'>terrarum</span> <span class='ocrx_word' id='word_1_177' title='bbox 1254 3303 1408 3376; x_wconf 86' lang='lat' dir='ltr'>artifices</span> 
     </span>
     <span class='ocr_line' id='line_1_26' title="bbox 288 3418 1409 3516; baseline -0.002 -23"><span class='ocrx_word' id='word_1_178' title='bbox 288 3423 325 3493; x_wconf 95' lang='lat' dir='ltr'>in</span> <span class='ocrx_word' id='word_1_179' title='bbox 345 3445 457 3494; x_wconf 90' lang='lat' dir='ltr'>unum</span> <span class='ocrx_word' id='word_1_180' title='bbox 475 3421 686 3495; x_wconf 87' lang='lat' dir='ltr'>contluxisse</span> <span class='ocrx_word' id='word_1_181' title='bbox 701 3427 885 3507; x_wconf 87' lang='lat' dir='ltr'>memoret,</span> <span class='ocrx_word' id='word_1_182' title='bbox 912 3420 994 3492; x_wconf 92' lang='lat' dir='ltr'>satis</span> <span class='ocrx_word' id='word_1_183' title='bbox 1014 3427 1160 3516; x_wconf 89' lang='lat' dir='ltr'>apparet</span> <span class='ocrx_word' id='word_1_184' title='bbox 1176 3418 1239 3492; x_wconf 91' lang='lat' dir='ltr'>illa</span> <span class='ocrx_word' id='word_1_185' title='bbox 1258 3419 1409 3515; x_wconf 83' lang='lat' dir='ltr'>collegia</span> 
     </span>
     <span class='ocr_line' id='line_1_27' title="bbox 288 3537 1409 3635; baseline -0.003 -24"><span class='ocrx_word' id='word_1_186' title='bbox 288 3562 368 3635; x_wconf 73' lang='lat' dir='ltr'>quae</span> <span class='ocrx_word' id='word_1_187' title='bbox 392 3538 571 3635; x_wconf 89' lang='lat' dir='ltr'>prioribus</span> <span class='ocrx_word' id='word_1_188' title='bbox 590 3537 820 3634; x_wconf 58' lang='lat' dir='ltr'>‘temporibus</span> <span class='ocrx_word' id='word_1_189' title='bbox 840 3537 1061 3626; x_wconf 83' lang='lat' dir='ltr'>exstiterunt,</span> <span class='ocrx_word' id='word_1_190' title='bbox 1087 3537 1123 3608; x_wconf 93' lang='lat' dir='ltr'>in</span> <span class='ocrx_word' id='word_1_191' title='bbox 1146 3561 1259 3609; x_wconf 89' lang='lat' dir='ltr'>unum</span> <span class='ocrx_word' id='word_1_192' title='bbox 1277 3559 1409 3633; x_wconf 89' lang='lat' dir='ltr'>corpus</span> 
     </span>
     <span class='ocr_line' id='line_1_28' title="bbox 288 3652 1451 3756; baseline -0.003 -29"><span class='ocrx_word' id='word_1_193' title='bbox 288 3655 474 3730; x_wconf 87' lang='lat' dir='ltr'>coaluisse.</span> <span class='ocrx_word' id='word_1_194' title='bbox 494 3660 627 3728; x_wconf 89' lang='lat' dir='ltr'>Rursus</span> <span class='ocrx_word' id='word_1_195' title='bbox 647 3652 802 3751; x_wconf 77' lang='lat' dir='ltr'>synodus</span> <span class='ocrx_word' id='word_1_196' title='bbox 819 3677 893 3727; x_wconf 90' lang='lat' dir='ltr'>non</span> <span class='ocrx_word' id='word_1_197' title='bbox 912 3653 973 3725; x_wconf 92' lang='lat' dir='ltr'>uui</span> <span class='ocrx_word' id='word_1_198' title='bbox 988 3653 1176 3748; x_wconf 89' lang='lat' dir='ltr'>provinciae</span> <span class='ocrx_word' id='word_1_199' title='bbox 1196 3661 1256 3727; x_wconf 89' lang='lat' dir='ltr'>aut</span> <span class='ocrx_word' id='word_1_200' title='bbox 1270 3653 1409 3752; x_wconf 85' lang='lat' dir='ltr'>regioni</span> <span class='ocrx_word' id='word_1_201' title='bbox 1447 3748 1451 3756; x_wconf 87' lang='lat'><strong>.</strong></span> 
     </span>
    </p>
   </div>
   <div class='ocr_carea' id='block_1_3' title="bbox 286 3839 1411 4585">
    <p class='ocr_par' dir='ltr' id='par_1_6' title="bbox 286 3839 1411 4207">
     <span class='ocr_line' id='line_1_29' title="bbox 326 3839 1410 3925; baseline -0.004 -21"><span class='ocrx_word' id='word_1_202' title='bbox 326 3844 369 3925; x_wconf 93' lang='grc'>(1)</span> <span class='ocrx_word' id='word_1_203' title='bbox 389 3845 505 3906; x_wconf 88' lang='lat' dir='ltr'>Mentio</span> <span class='ocrx_word' id='word_1_204' title='bbox 527 3841 650 3923; x_wconf 80' lang='lat' dir='ltr'>collegii</span> <span class='ocrx_word' id='word_1_205' title='bbox 672 3843 830 3903; x_wconf 86' lang='lat' dir='ltr'>artificum</span> <span class='ocrx_word' id='word_1_206' title='bbox 851 3861 890 3902; x_wconf 86' lang='lat' dir='ltr'>ex</span> <span class='ocrx_word' id='word_1_207' title='bbox 907 3841 995 3902; x_wconf 90' lang='lat' dir='ltr'>Ionia</span> <span class='ocrx_word' id='word_1_208' title='bbox 1011 3847 1042 3901; x_wconf 86' lang='lat' dir='ltr'>et</span> <span class='ocrx_word' id='word_1_209' title='bbox 1064 3841 1265 3921; x_wconf 89' lang='lat' dir='ltr'>Hellesponto</span> <span class='ocrx_word' id='word_1_210' title='bbox 1285 3841 1320 3901; x_wconf 89' lang='lat' dir='ltr'>iu</span> <span class='ocrx_word' id='word_1_211' title='bbox 1339 3839 1410 3919; x_wconf 87' lang='lat' dir='ltr'>qui·</span> 
     </span>
     <span class='ocr_line' id='line_1_30' title="bbox 287 3934 1411 4018; baseline -0.003 -20"><span class='ocrx_word' id='word_1_212' title='bbox 287 3934 422 3998; x_wconf 90' lang='lat' dir='ltr'>busdam</span> <span class='ocrx_word' id='word_1_213' title='bbox 436 3938 593 4018; x_wconf 89' lang='lat' dir='ltr'>lapidibus</span> <span class='ocrx_word' id='word_1_214' title='bbox 614 3938 782 4006; x_wconf 82' lang='lat' dir='ltr'>invenitur,</span> <span class='ocrx_word' id='word_1_215' title='bbox 800 3942 891 3997; x_wconf 82' lang='lat' dir='ltr'>aetate</span> <span class='ocrx_word' id='word_1_216' title='bbox 909 3937 1038 4015; x_wconf 91' lang='lat' dir='ltr'>quidem</span> <span class='ocrx_word' id='word_1_217' title='bbox 1052 3937 1280 4016; x_wconf 86' lang='lat' dir='ltr'>imperatorum</span> <span class='ocrx_word' id='word_1_218' title='bbox 1301 3953 1411 3996; x_wconf 86' lang='lat' dir='ltr'>exara-</span> 
     </span>
     <span class='ocr_line' id='line_1_31' title="bbox 288 4029 1408 4112; baseline 0 -20"><span class='ocrx_word' id='word_1_219' title='bbox 288 4030 338 4109; x_wconf 87' lang='lat' dir='ltr'>tis,</span> <span class='ocrx_word' id='word_1_220' title='bbox 360 4033 414 4093; x_wconf 92' lang='lat' dir='ltr'>sed</span> <span class='ocrx_word' id='word_1_221' title='bbox 434 4051 571 4112; x_wconf 87' lang='lat' dir='ltr'>quorum</span> <span class='ocrx_word' id='word_1_222' title='bbox 589 4038 714 4111; x_wconf 87' lang='lat' dir='ltr'>tempus</span> <span class='ocrx_word' id='word_1_223' title='bbox 733 4049 797 4092; x_wconf 93' lang='lat' dir='ltr'>non</span> <span class='ocrx_word' id='word_1_224' title='bbox 813 4031 915 4110; x_wconf 85' lang='lat' dir='ltr'>potuit</span> <span class='ocrx_word' id='word_1_225' title='bbox 929 4039 1014 4092; x_wconf 88' lang='lat' dir='ltr'>certe</span> <span class='ocrx_word' id='word_1_226' title='bbox 1031 4031 1167 4092; x_wconf 87' lang='lat' dir='ltr'>definiri.</span> <span class='ocrx_word' id='word_1_227' title='bbox 1192 4033 1303 4111; x_wconf 82' lang='lat' dir='ltr'>Corpus</span> <span class='ocrx_word' id='word_1_228' title='bbox 1317 4029 1408 4092; x_wconf 81' lang='lat' dir='ltr'>inser.</span> 
     </span>
     <span class='ocr_line' id='line_1_32' title="bbox 286 4129 551 4207; baseline -0.004 -20"><span class='ocrx_word' id='word_1_229' title='bbox 286 4146 334 4207; x_wconf 74' lang='lat' dir='ltr'>qr.</span> <span class='ocrx_word' id='word_1_230' title='bbox 354 4129 444 4202; x_wconf 90' lang='grc'>3081,</span> <span class='ocrx_word' id='word_1_231' title='bbox 461 4131 551 4189; x_wconf 87' lang='grc'>1933.</span> 
     </span>
    </p>

    <p class='ocr_par' dir='ltr' id='par_1_7' title="bbox 331 4218 1005 4304">
     <span class='ocr_line' id='line_1_33' title="bbox 331 4218 1005 4304; baseline -0.004 -21"><span class='ocrx_word' id='word_1_232' title='bbox 331 4221 374 4304; x_wconf 90' lang='grc'>(1)</span> <span class='ocrx_word' id='word_1_233' title='bbox 398 4220 510 4302; x_wconf 78' lang='lat' dir='ltr'>Corpus</span> <span class='ocrx_word' id='word_1_234' title='bbox 524 4222 612 4282; x_wconf 75' lang='lat' dir='ltr'>inser.</span> <span class='ocrx_word' id='word_1_235' title='bbox 627 4241 683 4301; x_wconf 72' lang='lat' dir='ltr'>pn,</span> <span class='ocrx_word' id='word_1_236' title='bbox 698 4223 776 4282; x_wconf 76' lang='lat'>6785</span> <span class='ocrx_word' id='word_1_237' title='bbox 791 4242 799 4295; x_wconf 81' lang='lat'><em>3</em></span> <span class='ocrx_word' id='word_1_238' title='bbox 813 4218 885 4279; x_wconf 84' lang='lat' dir='ltr'>vide</span> <span class='ocrx_word' id='word_1_239' title='bbox 903 4237 935 4298; x_wconf 88' lang='lat' dir='ltr'>p.</span> <span class='ocrx_word' id='word_1_240' title='bbox 956 4222 1005 4281; x_wconf 85' lang='grc'>95.</span> 
     </span>
    </p>

    <p class='ocr_par' dir='ltr' id='par_1_8' title="bbox 288 4311 1409 4490">
     <span class='ocr_line' id='line_1_34' title="bbox 329 4311 1409 4396; baseline -0.002 -20"><span class='ocrx_word' id='word_1_241' title='bbox 329 4317 370 4396; x_wconf 91' lang='grc'>(3)</span> <span class='ocrx_word' id='word_1_242' title='bbox 395 4315 508 4396; x_wconf 82' lang='lat' dir='ltr'>Corpus</span> <span class='ocrx_word' id='word_1_243' title='bbox 520 4317 608 4376; x_wconf 82' lang='lat' dir='ltr'>inser.</span> <span class='ocrx_word' id='word_1_244' title='bbox 620 4335 680 4395; x_wconf 63' lang='lat' dir='ltr'>pru,</span> <span class='ocrx_word' id='word_1_245' title='bbox 700 4318 758 4376; x_wconf 83' lang='grc'>319</span> <span class='ocrx_word' id='word_1_246' title='bbox 766 4330 777 4392; x_wconf 81' lang='lat'>3</span> <span class='ocrx_word' id='word_1_247' title='bbox 798 4313 837 4375; x_wconf 84' lang='lat' dir='ltr'>cf.</span> <span class='ocrx_word' id='word_1_248' title='bbox 851 4312 935 4374; x_wconf 85' lang='lat' dir='ltr'>tituli</span> <span class='ocrx_word' id='word_1_249' title='bbox 949 4312 1164 4392; x_wconf 81' lang='lat' dir='ltr'>fragmentum</span> <span class='ocrx_word' id='word_1_250' title='bbox 1177 4311 1339 4393; x_wconf 82' lang='lat' dir='ltr'>&#39;Pbiatyrae</span> <span class='ocrx_word' id='word_1_251' title='bbox 1355 4331 1409 4374; x_wconf 88' lang='lat' dir='ltr'>re·</span> 
     </span>
     <span class='ocr_line' id='line_1_35' title="bbox 288 4410 563 4490; baseline -0.004 -20"><span class='ocrx_word' id='word_1_252' title='bbox 288 4416 424 4490; x_wconf 79' lang='lat' dir='ltr'>pentum,</span> <span class='ocrx_word' id='word_1_253' title='bbox 442 4410 563 4472; x_wconf 80' lang='grc'>31761.</span> 
     </span>
    </p>

    <p class='ocr_par' dir='ltr' id='par_1_9' title="bbox 331 4501 897 4585">
     <span class='ocr_line' id='line_1_36' title="bbox 331 4501 897 4585; baseline -0.011 -19"><span class='ocrx_word' id='word_1_254' title='bbox 331 4504 374 4585; x_wconf 76' lang='lat' dir='ltr'>(d)</span> <span class='ocrx_word' id='word_1_255' title='bbox 397 4504 509 4585; x_wconf 81' lang='lat' dir='ltr'>Corpus</span> <span class='ocrx_word' id='word_1_256' title='bbox 524 4505 610 4567; x_wconf 80' lang='lat' dir='ltr'>inser.</span> <span class='ocrx_word' id='word_1_257' title='bbox 627 4524 689 4583; x_wconf 64' lang='lat' dir='ltr'>pr„</span> <span class='ocrx_word' id='word_1_258' title='bbox 706 4505 795 4576; x_wconf 85' lang='grc'>6819,</span> <span class='ocrx_word' id='word_1_259' title='bbox 812 4501 835 4563; x_wconf 89' lang='lat' dir='ltr'>l.</span> <span class='ocrx_word' id='word_1_260' title='bbox 851 4504 897 4562; x_wconf 87' lang='grc'>11.</span> 
     </span>
    </p>
   </div>
   <div class='ocr_carea' id='block_1_4' title="bbox 0 0 1576 5302">
    <p class='ocr_par' dir='ltr' id='par_1_10' title="bbox 0 0 1576 5302">
     <span class='ocr_line' id='line_1_37' title="bbox 0 0 1576 5302; baseline 0 0"><span class='ocrx_word' id='word_1_261' title='bbox 0 0 1576 5302; x_wconf 95' lang='lat' dir='ltr'> </span> 
     </span>
    </p>
   </div>
  </div>
 </body>
</html>
