3248 5296
729 510 907 570 -100-

261 647 475 734 Actionices,
494 669 512 718 e
528 668 626 720 sacra
640 647 773 742 synodo
792 651 827 718 et
841 641 1091 741 periodonices
1115 641 1180 742 (t).
1207 646 1376 742 Neapoli-

259 764 346 851 tani,
386 766 527 835 senatus
552 769 587 835 et
612 762 735 858 populi
759 760 915 847 decretu,
949 765 1099 832 statuam
1125 769 1378 834 consecrarunt

259 880 416 954 tibicinis
436 882 474 952 P.
500 879 583 952 AElii
604 874 829 975 Antigenidae
853 877 1137 966 Nicomedensis,
1164 879 1295 949 summi
1323 902 1378 953 sa-

260 1021 329 1071 crae
352 993 477 1092 synodi
503 996 714 1083 sacerdotis,
738 995 861 1067 multis
881 994 919 1065 in
937 993 1193 1067 certaminibus
1222 988 1375 1080 victoris,

259 1114 321 1210 qui
339 1111 581 1209 Neapolitanae
597 1112 727 1185 civitati
742 1112 953 1206 adscriptus,
969 1110 1063 1205 apud
1083 1111 1177 1207 ipsos
1191 1110 1378 1186 demarchi

260 1251 410 1303 turmore
428 1213 571 1302 iunctus
588 1227 704 1300 luerat
727 1224 792 1325 (9).
1457 1220 1460 1226 ’

308 1343 413 1418 Aucti
445 1343 500 1415 his
525 1343 723 1417 honoribus
755 1342 933 1416 artificum
962 1343 1072 1415 animi
1099 1350 1133 1415 et
1160 1344 1378 1441 excogitatus

260 1483 434 1536 novorum
460 1459 716 1534 vocabulorum
744 1460 872 1549 fastus,
897 1458 1028 1556 quibus
1051 1460 1277 1534 victoriarum
1303 1484 1379 1536 mc-

260 1579 373 1654 moria
389 1578 600 1673 signaretur.
625 1577 846 1667 Hieronices‚
865 1577 1104 1673 pleistonices,
1127 1578 1247 1673 quiin
1269 1580 1378 1680 sacris

258 1703 320 1768 aut
352 1695 390 1766 in
425 1692 548 1765 multis
575 1692 669 1765 ludis
701 1695 781 1766 vicit
792 1720 801 1781 ;
842 1694 1055 1781 Actionioes,
1087 1695 1375 1790 Capitolionices,

259 1812 461 1899 Asiouices,
485 1810 603 1906 quiin
623 1809 717 1882 ludis
739 1809 862 1898 Actiis,
891 1808 928 1879 in
954 1809 1175 1904 Capitolinis,
1206 1811 1243 1882 in
1272 1834 1379 1885 com-

259 1926 430 2002 munibus
445 1925 550 2012 Asiae,
569 1930 713 2021 propter
726 1926 890 1999 eximiam
906 1947 1029 1998 earum
1049 1926 1274 2000 victoriarum
1298 1927 1379 2000 lau-

256 2042 360 2134 dem3
391 2042 649 2138 periodonices,
691 2043 752 2137 qui
786 2042 824 2113 in
865 2048 1019 2138 quatuor
1053 2043 1191 2138 magnis
1231 2045 1377 2118 Graecim

255 2159 525 2255 ludispalmam
558 2157 680 2231 retulit
710 2155 780 2256 (3);
806 2164 867 2231 aut
896 2159 1083 2254 separatim
1112 2158 1374 2256 Olympionica,

261 2277 481 2373 Pythionica,
499 2283 567 2349 etc.
592 2276 747 2351 Victoria
765 2274 970 2372 diapauton,
989 2274 1032 2348 de
1059 2299 1130 2371 qua
1153 2278 1377 2351 mentionem

256 2393 337 2482 leci,
358 2393 483 2466 sedulo
498 2397 811 2465 commemoratur.

306 2508 386 2582 Alia
404 2509 501 2605 apud
522 2508 609 2582 alios
627 2507 786 2581 ambitio.
809 2510 875 2580 Hic
891 2509 1098 2581 inscribitur
1118 2508 1266 2582 Publius
1286 2512 1378 2583 Sex-

256 2622 366 2712 tilius,
381 2620 498 2694 Publii
511 2620 618 2710 tilius,
638 2621 851 2707 Demetrius,
870 2621 1047 2716 tragoedus
1062 2621 1214 2693 invictus
1226 2619 1276 2720 (l)
1290 2648 1299 2708 ;
1315 2622 1378 2696 illo

256 2741 293 2812 iu
314 2738 480 2836 pluribus
499 2738 636 2811 artibus
656 2737 782 2833 palmis
800 2737 918 2811 relatis
938 2738 1110 2834 superbit,
1129 2739 1235 2812 simul
1256 2763 1374 2835 praeco

256 2863 290 2931 ct
311 2855 495 2931 comoedus
516 2852 567 2953 (5)
579 2881 587 2942 3
614 2855 718 2950 plura
745 2855 851 2927 etiam
871 2878 1001 2951 genera
1018 2857 1130 2952 attigit
1150 2854 1296 2952 quidam
1314 2859 1376 2953 qui

257 2997 405 3048 coronas
424 2996 444 3046 a
464 2997 500 3045 se
521 2979 639 3068 partas
660 2971 773 3067 Cyzici
799 2971 987 3058 comoedis,
1020 2972 1183 3068 Pergami
1206 2979 1240 3046 et
1264 2975 1378 3046 Nico-

256 3089 384 3163 mediae
412 3087 632 3176 citharoedis;
654 3088 779 3183 Cyzici,
815 3087 953 3177 Romae,
981 3085 1155 3182 Smyrnae,
1193 3090 1374 3185 tragoedis,

256 3208 425 3282 marmori
454 3205 564 3278 incidi
592 3204 725 3276 curarit
753 3201 818 3300 (6).
849 3206 963 3288 Quam
982 3203 1185 3275 varietatem
1208 3206 1376 3301 persequi

256 3346 366 3420 prope
385 3322 430 3394 sit
449 3319 644 3392 infinitum.
664 3321 783 3404 Quum
806 3342 889 3391 vero
916 3318 1039 3391 artilex
1064 3320 1215 3416 quisquo
1240 3321 1375 3416 priores

256 3461 423 3536 superare
451 3436 605 3511 maxime
625 3436 795 3523 studeret,
824 3435 913 3508 nihil
939 3436 1082 3532 majoris
1111 3435 1226 3508 laudis
1258 3437 1374 3508 visum

256 3563 308 3629 est
324 3578 431 3653 quam
452 3555 479 3626 si
507 3551 587 3649 quis
612 3551 809 3624 laudationi
836 3576 909 3624 suae
931 3574 1008 3624 eam
1030 3553 1250 3626 mentionem
1273 3554 1376 3625 inse-

254 3696 332 3745 rere
344 3677 463 3768 posset
483 3695 491 3741 ι
508 3669 599 3742 rolris
611 3669 788 3764 etprinrus
802 3669 911 3740 omnis
926 3669 1110 3740 memoriae.
1127 3672 1240 3754 Quam
1260 3692 1375 3766 quum

294 3949 336 4030 (1)
358 3946 472 4026 Corpus
486 3945 575 4004 inser.
591 3963 648 4022 pr„
663 3945 752 4004 6899.

294 4043 334 4123 (9)
357 4038 535 4113 Minervini,
552 4036 663 4099 Bullet.
682 4036 782 4096 Instit.
797 4037 891 4117 orob.²
908 4039 995 4098 l859.

293 4136 334 4218 (3)
355 4138 399 4195 De
411 4132 623 4212 periodonica,
639 4131 711 4191 vido
725 4131 837 4205 Miller,
853 4131 949 4192 [tecue
959 4128 1189 4212 orcbdolopr'que,
1204 4135 1293 4210 1872,
1307 4140 1330 4197 t.
1346 4138 1371 4213 1,

277 4279 283 4293 .
300 4233 370 4292 354.

253 4252 273 4313 p
291 4324 334 4404 (l)
359 4322 470 4400 Corpus
484 4319 570 4379 inser.
587 4338 649 4398 pr„
665 4322 755 4380 abab.

290 4424 331 4502 (5)
353 4419 535 4498 Ephemoris
551 4416 716 4478 societatis
730 4416 965 4493 archaeologicm
983 4416 1190 4496 Atheniensis,
1209 4423 1280 4482 207.

290 4516 331 4596 (6)
356 4516 470 4592 Corpus
484 4516 573 4572 inser.
590 4529 650 4589 pr,
669 4513 759 4572 5919.
