3120 5302
739 476 877 533 ..7-

240 609 429 698 incolebat
447 615 508 682 aut
524 607 708 682 invisebat.
732 612 773 681 ln
792 607 863 681 illis
876 606 965 679 locis
977 605 1083 678 luisse
1096 603 1269 704 ejusmodi
1285 601 1362 682 col·
1389 605 1394 614 ’
1516 686 1518 696 .

249 726 351 822 legia,
375 725 527 798 maxime
546 749 566 798 e
584 724 764 820 lapidibus
783 723 1035 823 comperimus.

300 849 333 914 l.
362 840 540 941 Athenis(
566 837 593 938 ).

298 965 333 1032 2.
362 958 517 1058 Thebis(
545 959 571 1058 ).

299 1080 337 1155 3.
360 1075 485 1147 Isthmi
496 1081 530 1150 et
544 1079 686 1149 Nemeae
702 1074 768 1175 (3).
787 1075 901 1172 Hujus
916 1072 1055 1170 collegii
1066 1074 1216 1147 artifices
1227 1097 1363 1172 nequa-

249 1214 355 1288 quam
377 1191 434 1263 his
453 1192 490 1264 in
512 1191 599 1265 locis
614 1191 943 1278 commorabantur,
964 1191 1027 1263 scd
1041 1189 1099 1262 alii
1114 1191 1229 1286 Argis,
1245 1197 1284 1262 ut
1299 1191 1365 1263 do-

250 1313 306 1382 cet
322 1308 451 1381 diserte
472 1307 600 1383 titulus
620 1306 660 1406 (l.
680 1308 756 1407 lo),
780 1307 854 1396 alii,
879 1314 919 1381 ut
935 1306 1127 1380 verisimile
1145 1313 1217 1395 est,
1241 1307 1366 1379 vicinis

248 1425 286 1497 in
301 1423 469 1513 urbibus;
488 1423 537 1498 ita
553 1430 591 1498 ot
611 1424 801 1520 collegium
818 1425 1022 1498 universum
1041 1447 1061 1497 e
1082 1423 1192 1511 sestis,
1210 1445 1365 1519 quorum

248 1541 467 1639 agendorum
485 1543 598 1638 gratia
618 1540 890 1633 conveniebant,
918 1564 1050 1616 nomen
1073 1541 1231 1628 duceret,
1251 1546 1367 1636 partes

249 1657 396 1754 singulae
416 1654 588 1731 adderent
605 1658 753 1732 civitatis
768 1659 990 1734 mentionem
1010 1657 1045 1729 in
1060 1680 1130 1754 qua
1144 1654 1367 1730 domicilium

248 1778 454 1869 posuerant.
474 1776 602 1847 Totum
617 1773 684 1846 fuit
700 1774 791 1849 illud
809 1800 817 1848 :
848 1804 864 1842 o
877 1774 1042 1849 Bucolici
1054 1773 1201 1872 artifices
1216 1796 1260 1845 esc
1270 1770 1367 1849 Ictlr-

247 1913 303 1962 mo
320 1891 512 1980 etNemca‚
533 1890 674 1988 Arpina
688 1890 889 1965 sodalitatis,

299 2011 333 2078 l.
363 2006 425 2078 Tei
439 2007 565 2103 triplex
588 2006 755 2081 sodalitas
777 2009 814 2079 in
833 2030 945 2080 unum
970 2007 1159 2103 collegium
1183 2029 1258 2078 sese
1282 2027 1369 2079 con-

249 2121 404 2211 sociavit,
429 2128 564 2197 retenta
591 2130 710 2197 tamen
740 2124 887 2221 originis
917 2129 978 2198 aut
1006 2123 1196 2220 peculiaris
1224 2119 1366 2195 artificii

248 2238 433 2311 memoria.
461 2240 528 2325 Qui
549 2238 616 2313 sibi
635 2246 826 2335 patronum
846 2243 988 2313 Διόνυσον
1010 2244 1200 2338 καθηγεμόνα
1220 2261 1368 2312 nuncu-

248 2359 335 2451 pant
354 2377 395 2427 ex
413 2355 490 2452 ipsa
503 2358 574 2429 Teo
601 2356 743 2430 oriundi
774 2357 949 2446 videntur,
977 2364 1012 2431 et
1035 2381 1093 2431 eos
1117 2355 1300 2453 probabile
1315 2363 1367 2430 est

244 2470 461 2566 jampridem
476 2472 513 2545 in
526 2495 567 2545 ea
584 2471 672 2546 urbe
688 2474 857 2546 exstitisse
872 2496 952 2571 quae
969 2474 1150 2548 Bacchum
1166 2475 1260 2548 intra
1277 2474 1366 2550 finos

248 2610 331 2660 suos
350 2594 473 2661 natum
493 2611 569 2661 esse
590 2588 826 2663 contendebat
852 2596 886 2663 et
911 2589 966 2664 dei
990 2589 1150 2686 praesidis
1168 2592 1365 2688 patrocinio

245 2703 304 2799 jus
323 2703 409 2800 asyli
424 2713 457 2777 et
476 2705 741 2778 immunitatem
758 2713 950 2780 consecuta
965 2714 1051 2780 erat.
1064 2707 1183 2781 Altera
1198 2707 1364 2782 sodalitas

250 2826 302 2892 est
317 2819 493 2894 artilioum
522 2822 632 2894 loniae
654 2829 687 2894 et
711 2821 932 2918 Hellesponti
950 2823 1012 2919 qui
1031 2824 1069 2894 in
1089 2846 1166 2896 eam
1187 2824 1363 2897 civitatem

249 2936 492 3010 confluxerant
517 2961 610 3034 quae,
638 2938 777 3012 Baccho
804 2946 1021 3026 consecrata,
1043 2940 1190 3012 scenicis
1212 2921 1364 3013 maxime

249 3057 452 3151 opportuna
465 3053 565 3128 sedes
583 3053 838 3128 destinabatur.
860 3057 910 3128 Ea
930 3055 999 3127 suit
1017 3062 1252 3151 utrorumque
1272 3057 1362 3130 ratio

250 3177 299 3260 ut,
311 3169 447 3266 duplici
459 3173 684 3268 cognomine,
694 3173 731 3244 in
743 3196 858 3244 unum
873 3172 1111 3245 communiter
1121 3171 1359 3263 consulerent

249 3285 426 3360 nonnulla
440 3287 537 3360 enim
552 3288 691 3362 decreta
708 3289 892 3386 utriusque
913 3290 1059 3361 nomine
1079 3289 1248 3386 inscripta
1262 3296 1363 3362 teue-

248 3425 340 3492 mus,
358 3403 501 3476 nullum
520 3411 639 3478 autem
661 3405 756 3479 nude
775 3406 952 3479 artificum
967 3405 1128 3503 praesidis
1146 3406 1275 3478 Bacchi
1295 3405 1307 3503 l
1335 3403 1360 3502 l.

247 3521 363 3594 Tertia
390 3519 555 3595 sodalitas
584 3522 651 3595 suit
672 3524 998 3620 symoniacorum,
1026 3521 1214 3619 conjuncta
1242 3527 1361 3593 tamen
1480 3619 1483 3626 Ι

248 3658 331 3708 cum
356 3636 547 3732 prioribus.
575 3642 669 3725 Quos
696 3637 889 3712 Boechhius
914 3637 1066 3711 artifices
1088 3661 1199 3711 essee
1218 3638 1363 3710 diversis

288 3911 330 3992 (l)
351 3915 483 3977 Decreta
496 3915 765 3997 Amphiotionum.
775 3918 863 3977 -Lc
878 3916 949 3992 Bas,
962 3911 1096 3995 Araque,
1112 3916 1182 3974 377.
1192 3945 1230 3958 —
1241 3914 1292 3974 Fr.
1309 3913 1364 3975 Le-

247 4014 405 4081 normant‚
421 4008 599 4073 nectentes
611 4010 628 4069 d
641 3993 769 4088 Eleusis,
783 4013 833 4071 26.

292 4100 333 4182 (ἓ)
353 4104 395 4163 Le
410 4104 479 4180 Bas,
497 4108 528 4166 3ο
536 4105 647 4185 partic,
663 4107 733 4166 505.
1349 4183 1351 4186 y

287 4194 328 4274 (3)
350 4198 494 4275 Paucum,
511 4198 610 4260 Reoue
629 4197 772 4274 orcbdol„
790 4200 878 4274 1870,
899 4201 921 4259 t.
941 4197 980 4271 ΙΙ,
1000 4215 1030 4276 p.
1048 4199 1118 4272 lov,
1136 4195 1192 4256 ubi
1213 4200 1316 4257 cetera
1329 4196 1363 4255 in
1450 4211 1452 4216 ·

247 4286 358 4349 laceris
372 4291 472 4353 titulis
486 4293 617 4354 latentia
629 4293 743 4372 collegi
757 4297 789 4354 et
802 4291 978 4354 emendavi.

286 4382 327 4463 (l)
356 4381 469 4467 Corpus
484 4387 572 4449 iocor.
588 4408 649 4468 pr„
667 4390 757 4465 3067,
774 4386 853 4449 3068
867 4405 896 4449 α.
912 4420 950 4436 -
965 4388 1007 4448 Le
1016 4386 1076 4448 Bas
1091 4389 1122 4446 et
1135 4383 1361 4463 Waddington‚

248 4473 343 4538 Inscr.
358 4477 619 4560 dAsie-Mc'nearc,
635 4486 704 4546 281.
