3120 5302
786 551 944 608 „202-

354 681 511 753 Tertium
535 680 677 753 illudet
704 705 786 754 cum
813 681 992 778 prioribus
1015 684 1268 777 conjunctum,
1298 707 1422 758 curare

308 806 346 869 nt
365 821 506 871 coronae
522 798 566 870 ab
586 797 782 870 artificibus
804 806 947 893 propter
964 796 1138 870 beneficia
1157 797 1299 872 tribute
1315 808 1422 896 quot-

307 916 410 986 annis
436 916 470 985 in
502 914 656 1003 theatro,
675 914 849 1009 praeconis
870 936 953 987 voce
986 914 1236 986 nuntiarentur
1259 921 1292 987 et
1317 917 1424 990 ceteri

306 1031 465 1128 ejusdem
491 1032 630 1127 generis
655 1032 832 1122 honores,
860 1030 1058 1104 secundum
1089 1030 1229 1104 decreta
1259 1031 1421 1129 collegii,

306 1145 529 1242 temporibus
544 1148 653 1239 statiS,
672 1148 737 1220 rite
757 1146 1036 1220 decernerentur
1050 1144 1116 1245 (l)

230 1273 232 1276 ’
355 1268 432 1337 lam
448 1265 516 1337 hoc
527 1288 660 1336 munus
677 1263 786 1337 iidem
796 1264 936 1337 homini
951 1265 1082 1337 iterum
1096 1266 1259 1339 mandari
1270 1269 1425 1362 potuisse

307 1381 411 1455 docet
429 1381 567 1478 insigne
593 1381 753 1454 Cratonis
772 1380 994 1477 exemplum,
1017 1381 1105 1476 quin
1128 1381 1234 1453 etiam
1255 1406 1337 1455 curn
1364 1406 1426 1456 sa-

308 1498 465 1572 cerdotio
494 1498 602 1569 simul
633 1497 784 1593 suscipi;
824 1496 885 1568 sed
915 1496 1027 1568 altera
1058 1495 1302 1592 designatione
1335 1522 1424 1594 opus

309 1614 387 1687 luit.
422 1616 510 1702 Quae
539 1613 671 1709 duplex
695 1602 846 1709 dignitas
876 1612 983 1685 simul
1008 1610 1117 1685 iidem
1148 1614 1222 1686 viro
1250 1612 1424 1711 suffragiis

309 1732 486 1805 sociorum
502 1730 618 1804 delata
638 1729 714 1802 lans
738 1729 927 1825 singularis
943 1727 1151 1816 videbatur,
1170 1752 1237 1801 nec
1255 1731 1427 1804 omissum

309 1847 376 1920 fnit
394 1848 431 1918 in
448 1847 627 1943 prioribus
640 1846 751 1918 titulis
765 1868 1044 1918 commemorare
1060 1868 1132 1918 uno
1148 1868 1241 1919 anno
1257 1847 1427 1920 eumdem

309 1971 344 2037 et
364 1963 581 2038 sacerdotem
596 1963 726 2037 Bacchi
744 1970 779 2034 et
798 1962 1047 2060 agonothetam
1063 1962 1171 2036 luisse
1188 1971 1344 2036 creatum
1359 1961 1425 2062 (2).

310 2083 429 2157 Serius
442 2087 561 2154 autern
575 2086 635 2154 aut
651 2104 717 2152 usu
730 2088 792 2152 aut
806 2080 882 2176 lege
898 2077 1045 2152 invaluit
1059 2086 1100 2152 ut
1112 2080 1174 2174 qui
1189 2081 1428 2167 sacerdotium

312 2198 482 2271 Eumenis
501 2197 724 2288 obtinuisset,
748 2197 842 2269 idem
860 2196 1244 2293 agonothetaelmunere
1264 2195 1429 2294 fungere-

313 2321 370 2388 tur
388 2314 454 2413 (3).

359 2430 580 2529 Agonotheta
597 2432 635 2503 in
654 2430 766 2503 titulis
788 2428 904 2503 solum
923 2429 1014 2503 Teiis
1040 2429 1160 2503 adhuc
1179 2438 1342 2526 repertus
1361 2439 1426 2503 est.

314 2553 354 2622 ln
383 2571 425 2622 ea
450 2548 547 2621 enirn
577 2547 665 2621 urbe
690 2547 866 2620 artificum
889 2545 1040 2643 collegio
1072 2571 1282 2622 concessum
1303 2547 1370 2621 suit
1390 2556 1429 2621 ut

312 2672 450 2763 partem
464 2664 622 2737 civilium
637 2665 744 2737 etiam
759 2687 942 2738 sacrorum
958 2663 1024 2736 sibi
1044 2663 1240 2737 vindicaret
1252 2671 1300 2754 et,
1317 2688 1429 2761 quum

310 2783 405 2878 apud
420 2787 555 2855 ceteros
571 2785 723 2872 Graecos,
740 2781 963 2877 agonothetae
977 2788 1011 2853 et
1025 2781 1261 2876 choragorum
1276 2803 1430 2853 munera

310 2895 478 2970 acivibus
490 2910 751 2983 exercerentur,
768 2896 804 2968 id
818 2918 924 2969 omne
940 2895 1014 2968 Teii
1028 2896 1180 2969 artifices
1192 2896 1425 2990 susciperent.

311 3017 398 3100 Quae
418 3011 557 3110 collegii
576 3014 744 3110 potentia,
770 3013 889 3085 nescio
907 3034 952 3084 an
966 2990 1216 3085 nimiaincblis
1235 3012 1320 3099 visa,
1344 3035 1430 3085 cau·

309 3153 386 3202 sam
403 3129 636 3204 seditionibus
664 3128 813 3217 dederit,
845 3135 989 3224 propter
1016 3152 1104 3225 quas
1129 3129 1239 3202 Teum
1263 3127 1427 3203 deserere

304 3251 475 3319 'coactum
494 3245 562 3317 luit
582 3243 647 3344 (l).

362 3364 410 3433 Ex
424 3362 546 3434 Attico*
555 3362 704 3457 collegio
724 3385 838 3433 unum
857 3369 1073 3453 curatorem,
1094 3368 1295 3458 ἐπιμελητήν,
1318 3364 1427 3437 novi-

314 3502 406 3550 mus.
433 3478 544 3575 Cujus
559 3500 692 3550 munus
706 3501 867 3550 annuum
886 3477 991 3574 quale
1009 3478 1116 3550 luerit
1133 3477 1288 3552 declarat
1303 3479 1430 3552 titulus

316 3595 517 3668 Eleusinins
531 3594 569 3666 in
585 3597 760 3667 honorem
776 3593 999 3666 Philemonis
1014 3595 1070 3690 cuj
1076 3595 1200 3667 nsdam
1215 3596 1431 3692 perscriptus

313 3711 376 3808 qui
397 3735 452 3784 res
470 3710 647 3783 artificum
663 3708 924 3783 calamitatibus
942 3715 1144 3805 temporum
1159 3711 1307 3784 alssictas
1321 3713 1431 3785 erexit

314 3833 347 3901 et
367 3849 476 3924 prope
495 3825 649 3922 perditas
664 3827 829 3900 restituit.
848 3827 1042 3899 Maximum
1063 3849 1146 3901 sane
1166 3826 1235 3902 hoc
1260 3827 1350 3920 luit,
1372 3829 1430 3901 cui

357 4079 399 4159 (l)
422 4077 538 4158 Corpus
557 4077 645 4138 inser.
666 4096 729 4157 gr,
750 4079 840 4154 3067,
863 4077 885 4139 l.
908 4081 966 4154 263
988 4079 1067 4140 3068
1087 4080 1124 4154 Α,
1145 4077 1167 4140 l.
1184 4081 1232 4141 lb.
1249 4081 1380 4142 -3068
1393 4081 1430 4154 Α,

315 4175 338 4236 L
355 4174 533 4346 llll-qdorpcs
548 4266 636 4326 inser.
652 4286 714 4346 pr„
725 4269 816 4342 3067,
832 4266 855 4326 l.
872 4268 953 4328 9-10.

353 4360 397 4441 (3)
420 4359 534 4440 Corpus
548 4359 635 4421 inser.
650 4379 711 4439 pc,
729 4362 808 4421 3068
822 4363 859 4435 Α,
881 4361 976 4436 t.17;
999 4359 1039 4420 cf.
1053 4359 1075 4420 l.
1092 4363 1127 4434 13
1148 4363 1237 4434 3070,
1252 4360 1278 4422 l.
1298 4365 1328 4422 2.
1341 4364 1431 4423 -Le

315 4457 419 4516 Boset
434 4454 659 4532 Waddington,
676 4453 771 4514 Inscr.
791 4451 1046 4529 d’Asr'e-Mineure,
1062 4455 1112 4514 93.

354 4548 396 4630 (l)
422 4549 546 4622 Strab0,
564 4547 644 4622 XIV,
661 4564 684 4623 1,
700 4550 751 4608 29.
855 4608 863 4623 ,
