3120 5302
686 495 862 557 -104-

219 633 423 727 suscepisse.
465 633 527 703 His
564 631 866 716 commemoratis,
900 627 998 700 addit
1037 653 1044 700 :
1084 631 1338 726 «Magistrum

217 751 264 820 M.
286 746 473 819 Aurelium
490 750 662 818 Musaeum
689 746 804 842 quiet
829 745 1022 832 Eortasius,
1048 744 1262 818 Sardi'anum
1283 769 1339 818 se·
1413 791 1415 797 ·

217 869 391 950 natorem,
412 862 592 957 Delphum
609 868 808 935 senatorem
825 868 857 934 et
874 860 998 933 Eleum
1021 867 1056 932 et
1075 862 1338 957 Aphrodision·
1413 855 1418 861 ’

217 979 309 1050 sium
330 1003 511 1051 summum
530 978 683 1053 scribam
700 976 934 1076 (consecravi)
954 978 1171 1051 honoratum
1186 977 1230 1050 ab
1245 978 1340 1050 llleis

217 1101 252 1166 et
277 1095 424 1191 Delphis
454 1097 589 1183 statuis,
622 1097 780 1191 primum
808 1103 840 1168 et
869 1095 985 1168 solum
1015 1096 1132 1168 omnis
1156 1095 1339 1167 memoriae

217 1232 340 1282 eorum
362 1211 423 1304 qui
441 1211 684 1306 proclamandi
702 1220 814 1284 artem
832 1213 1036 1285 docuerunt
1055 1207 1119 1308 (l)
1140 1240 1154 1278 u

256 1328 386 1397 'Unum
407 1326 552 1399 titulum
573 1327 715 1417 addam,
734 1328 932 1401 breviorem
952 1328 1097 1425 quidem
1115 1326 1174 1399 sed
1194 1349 1235 1400 eo
1258 1349 1341 1400 ma-

217 1441 269 1536 gis
286 1442 438 1514 victoriis
457 1455 492 1515 et
509 1444 708 1517 honoribus
728 1444 913 1517 relectum.
933 1447 1046 1529 Quem
1063 1443 1101 1513 in
1122 1465 1271 1537 corpore
1285 1443 1343 1513 in-

220 1558 452 1653 scriptionum
478 1560 571 1633 male
589 1561 767 1650 habitum,
792 1565 926 1657 Spartae
943 1561 1060 1634 denuo
1080 1557 1286 1654 transcripsi
1307 1566 1342 1631 et

219 1674 417 1749 emendavi.
445 1706 462 1741 «
488 1678 615 1752 Civitas
641 1682 906 1773 Smyrnaeorum
932 1680 968 1749 C.
996 1676 1133 1749 Julium
1157 1675 1343 1748 lulianum

220 1815 323 1863 suum
350 1793 462 1865 civem
485 1795 546 1889 qui
567 1795 650 1865 vicit
674 1795 852 1889 tragoedis,
881 1794 1054 1866 Uraniade
1082 1793 1184 1864 tertia
1203 1790 1252 1889 (id
1278 1798 1342 1878 est,

219 1907 313 1979 ludis
333 1908 468 2004 Spartae
483 1911 520 1981 in
539 1911 713 1983 honorem
727 1911 820 1983 lovis
833 1910 956 1982 Uranii
976 1905 1141 2005 peractis)
1158 1915 1191 1980 et
1207 1907 1344 2002 Pythiis

220 2029 253 2096 et
277 2024 387 2095 Aeliis
416 2031 449 2096 et
479 2026 515 2127 in
541 2025 794 2098 communibus
820 2027 911 2096 Asiae
936 2032 969 2097 et
995 2024 1220 2098 Cretensium
1247 2021 1343 2095 ludis

221 2144 286 2226 ter,
304 2140 390 2210 etin
412 2131 537 2212 ceteris
557 2140 811 2214 certaminibus
828 2138 1158 2237 quinquennalibus
1174 2146 1207 2213 et
1224 2140 1343 2211 triete·
1398 2134 1402 2175 ³
1434 2169 1436 2175 ¹

221 2255 302 2326 riois
324 2261 376 2328 ter
395 2244 540 2329 centum
556 2265 590 2329 et
605 2258 850 2353 quadraginta,
873 2257 1012 2329 civitate
1031 2257 1160 2329 donato
1184 2254 1220 2325 in
1242 2254 1344 2326 omni

221 2372 357 2444 Gracia
379 2379 413 2445 ct
431 2374 637 2446 Macedonia
654 2381 688 2446 et
703 2373 882 2473 Thessalia
899 2371 964 2471 (2).
987 2402 1002 2440 o

271 2490 317 2557 Eu
342 2487 518 2559 artificum
543 2481 751 2583 graecorum
769 2487 939 2585 dignitate
963 2495 997 2560 et
1020 2490 1148 2584 gratia,
1175 2486 1343 2559 nonnihil

221 2606 327 2677 etiarn
355 2604 399 2677 ad
423 2606 615 2678 histriones
644 2606 774 2680 latinos
798 2607 969 2701 pervenit.
993 2609 1112 2691 Quum
1142 2606 1238 2678 enim
1266 2604 1345 2700 lege

221 2719 315 2792 lulia
329 2719 372 2792 ab
387 2723 486 2792 omni
506 2721 643 2795 honore
662 2728 696 2794 et
714 2722 918 2817 magistratu
935 2728 1116 2794 arceretur
1135 2721 1345 2818 quicunque

222 2842 334 2909 artem
358 2836 534 2910 ludicram
555 2845 747 2928 exerceret,
769 2838 872 2910 annis
896 2836 1098 2910 labentibus
1119 2860 1160 2910 ac
1181 2834 1345 2908 moribus

224 2952 384 3040 inversis
413 2954 500 3026 adeo
521 2961 657 3027 mutata
678 2954 746 3026 luit
764 2954 979 3025 histrionum
1001 2952 1158 3025 conditio
1181 2958 1220 3023 ut
1239 2950 1346 3046 vulgo

223 3068 349 3140 iisdem
385 3076 508 3142 statuae
545 3072 765 3167 erigerentur
791 3077 824 3142 et
852 3071 1076 3165 magistratus
1103 3067 1341 3140 deterrentur.

225 3188 320 3256 Duos
340 3184 496 3281 integros
519 3187 640 3259 titulos
659 3186 820 3282 prolerre
842 3186 924 3258 satis
944 3187 1019 3258 erit.
1045 3213 1059 3250 o
1077 3184 1171 3256 AElio
1193 3183 1346 3278 Augusti

223 3299 350 3374 liberto
365 3302 512 3374 Aurelio
526 3303 718 3398 Apolausto
732 3303 952 3398 pantomimo
967 3301 1216 3398 Augustalium
1231 3299 1346 3394 quin-

223 3418 458 3513 quennalium
479 3420 647 3514 agonistae
664 3420 834 3515 temporis
854 3420 908 3490 sui
928 3419 1056 3513 primo,
1072 3417 1212 3490 colonia
1231 3414 1347 3486 Aure-

223 3532 270 3606 lia
287 3538 439 3631 Augusta
458 3537 519 3607 Pia
534 3536 743 3609 Canusium.
762 3535 1006 3607 Decurionum
1025 3532 1168 3606 decreto
1188 3528 1253 3628 (3)
1271 3559 1346 3596 »-

232 3655 371 3723 ‹dlareo
380 3650 525 3726 Aurelio
534 3655 777 3747 Augustorum
791 3650 932 3740 liberto,
945 3650 1058 3746 Agilio
1071 3647 1341 3745 Septemtrioni,

223 3769 444 3862 pantomimo
463 3770 516 3841 sui
540 3769 709 3864 temporis
724 3769 853 3864 primo,
878 3767 1069 3840 hieronicae
1093 3765 1167 3838 solo
1192 3764 1228 3835 in
1255 3760 1346 3835 urhe

224 3890 393 3955 coronato
426 3885 620 3978 diapauton
648 3883 692 3957 ab
727 3883 1000 3980 imperatoribus
1027 3881 1182 3955 dominis
1212 3879 1346 3951 nostris

224 4001 350 4072 Severo
368 4007 402 4072 et
419 4002 600 4074 Antonino
620 4003 801 4097 Angustia,
827 4001 980 4097 parasito
1001 3999 1190 4096 Apollinis,
1208 3996 1346 4069 archie-

223 4116 275 4187 rei
296 4116 432 4212 synodi,
451 4119 563 4191 seviro
578 4118 777 4215 Augustali,
798 4119 884 4189 huic
900 4116 1099 4212 respublica
1112 4114 1341 4202 Praenestina,

263 4303 306 4384 (l)
328 4305 485 4380 Philistor,
500 4312 521 4366 t.
537 4309 560 4380 l,
573 4326 603 4386 p.
621 4311 691 4370 399.
714 4352 719 4364 .

263 4397 305 4477 (ἓ)
327 4402 369 4459 Le
383 4400 442 4459 Bas
458 4406 488 4460 et
502 4402 649 4478 Foucart,
667 4401 758 4464 lusor.
776 4400 813 4463 du
828 4400 1031 4483 Peloponneso,
1048 4401 1105 4462 tro
1120 4420 1145 4459 o.

262 4490 304 4570 (3)
326 4493 509 4569 Mommsen,
526 4494 733 4575 [rescriptiones
748 4496 959 4576 Neapolitano,
979 4497 1046 4557 65⁰2.
