3120 5302
697 535 857 593 ..39-

140 683 143 688 ’
217 687 297 738 cum
324 664 387 760 qui
405 663 562 759 collegii,
588 664 684 760 quod
702 665 796 761 apud
825 689 889 739 vos
919 674 988 754 est,
1021 665 1208 761 participes
1233 671 1331 755 sunt,

218 780 407 876 Dionysius
420 779 601 875 Nymphii,
616 781 769 876 tragicus
783 781 1093 879 hypodidascalus,
1109 780 1335 877 Thymoteles

219 894 400 984 Philoclis,
428 894 680 991 tragediarum
709 904 825 993 poeta,
847 898 1033 994 Elpinicus
1057 898 1242 993 Epicratis,
1264 905 1335 970 tra-

217 1014 316 1109 gicus
336 1012 645 1108 hypodidascalns,
673 1015 787 1090 Philio
808 1016 1018 1106 Philomeli,
1046 1016 1196 1111 tragicus
1222 1015 1335 1112 hypo-

219 1128 438 1214 didascalus,
460 1128 578 1201 Aristo
595 1132 760 1222 Zenonis,
790 1134 945 1228 tragicus
963 1131 1279 1228 hypodidascalus,
1302 1139 1336 1205 et

219 1244 352 1341 opinati
367 1245 437 1316 sint
459 1243 554 1340 quod
581 1269 601 1319 a
622 1247 725 1321 nobis
742 1256 956 1345 acceperunt
974 1271 1187 1345 responsum
1208 1248 1254 1321 ad
1277 1271 1337 1322 vos

220 1384 362 1460 quoque
377 1360 594 1435 mittendum
615 1387 703 1451 esse,
724 1364 769 1440 ad
784 1389 844 1439 vos
859 1366 1064 1462 scripsimus
1082 1364 1213 1439 decreti
1226 1366 1337 1438 nostri

219 1477 435 1574 exemplum.

276 1622 291 1660 u
301 1594 483 1668 Archonte
495 1594 644 1692 Delphis
656 1599 833 1674 Aristione
842 1596 1203 1686 Anaxandridaefilio‚
1216 1618 1337 1671 mense

219 1711 377 1801 Bucatio,
396 1712 540 1809 Pythiis,
565 1712 700 1808 placuit
723 1714 1036 1812 Amphictionibus
1064 1715 1126 1811 qui
1156 1715 1194 1786 in
1222 1738 1351 1787 unum·

219 1830 416 1919 coiverunt,
450 1830 805 1905 hieromnemonibus
814 1887 919 1904 .....
949 1831 1163 1930 (sequuntur
1189 1830 1336 1904 nomina

219 1946 571 2037 hieromnemonum,
594 1970 747 2044 quorum
761 1973 843 2044 pars
859 1948 991 2047 periit).

275 2048 426 2149 «Quum
450 2064 580 2138 scenici
615 2065 768 2138 artifices
804 2067 863 2162 qui
893 2073 975 2138 sunt
998 2066 1146 2138 Athenis
1173 2064 1335 2137 miserint

220 2181 402 2255 decretum
423 2179 652 2277 allegatos...
673 2181 897 2280 (repetuntur
911 2183 1057 2256 nomina
1074 2182 1332 2282 legatorum)..,

219 2304 256 2371 et
271 2300 628 2373 commemoraverint
655 2300 773 2372 datam
798 2300 911 2396 prius,
936 2299 1078 2375 decreto
1109 2300 1333 2397 Amphictio-

219 2438 321 2501 num‚
343 2414 536 2488 artificibus
556 2416 717 2512 quisunt
734 2417 883 2489 Athenis
901 2416 1164 2492 immunitatem
1179 2423 1215 2488 et
1233 2439 1334 2490 sccu-

222 2532 374 2619 ritatem,
398 2554 583 2628 quumque
598 2532 750 2605 invitent
762 2533 1032 2628 Amphictiones
1047 2539 1099 2621 ut,
1118 2534 1334 2607 convenien-

223 2647 270 2720 tia
288 2652 431 2742 agentes
452 2646 630 2743 majorum
645 2647 840 2739 voluntati,
861 2653 1031 2721 tueantur
1049 2670 1130 2743 quae
1156 2647 1242 2743 ipsis
1261 2647 1334 2718 hu-

222 2786 326 2836 mane
346 2762 486 2837 decreta
505 2762 670 2852 fuerunt3
694 2764 858 2860 utigitur
884 2771 1051 2860 appareat
1067 2763 1335 2859 Amphictiones

223 2903 302 2976 quae
316 2881 415 2976 prius
424 2879 625 2976 placuerint
636 2879 862 2965 confirmare,
876 2880 1011 2976 placuit
1022 2879 1335 2976 Amphictionibus

222 2998 374 3072 artifices
396 3001 458 3096 qui
487 3006 570 3073 sunt
595 2999 746 3071 Athenis
772 2999 958 3073 inviolatos
983 3005 1018 3071 et
1045 3006 1140 3073 tutos
1170 2999 1208 3070 in
1228 3021 1335 3072 omne

222 3121 362 3211 tempus
377 3139 465 3204 esse,
490 3114 793 3212 quemadmodum
806 3115 952 3188 fuerunt
967 3138 986 3189 e
1004 3114 1195 3212 principio,
1213 3119 1249 3186 ct
1261 3136 1335 3187 esse

223 3254 340 3305 sacros
350 3239 384 3306 et
397 3233 592 3320 immunes;
614 3233 750 3306 nemini
765 3231 868 3306 liceat
883 3232 1025 3306 trahere
1043 3231 1214 3306 artificem
1230 3231 1336 3304 Attici

223 3347 363 3445 collegii
383 3371 501 3444 neque
525 3371 611 3445 pace
631 3371 749 3444 neque
764 3348 877 3438 bello,
898 3372 1014 3445 neque
1030 3372 1088 3422 res
1102 3349 1180 3445 ejus
1195 3371 1333 3444 rapere,

224 3487 340 3560 neque
354 3486 419 3560 pro
436 3465 584 3560 pignore
597 3487 735 3560 capere,
754 3463 814 3538 sed
834 3466 905 3537 sint
918 3465 1008 3537 sacri
1030 3472 1066 3537 et
1080 3466 1180 3539 omni
1195 3465 1336 3560 negotio

223 3579 339 3670 vacui,
361 3580 429 3653 nisi
449 3581 528 3676 quis
553 3603 679 3654 eorum
697 3580 855 3677 aliquem
878 3586 956 3676 agat
970 3580 1017 3654 ob
1036 3580 1196 3653 debitum
1216 3579 1334 3676 priva-

223 3700 313 3769 tum.
333 3695 373 3769 si
388 3697 469 3793 quis
481 3697 637 3770 verohis
650 3699 827 3772 contraria
842 3697 977 3786 lecerit,
994 3698 1083 3770 ratio
1098 3693 1279 3769 reddenda
1294 3697 1337 3768 sit

224 3813 319 3908 apud
331 3814 600 3910 Amphictiones
611 3819 645 3888 et
656 3815 723 3910 ipsi
736 3821 769 3888 et
785 3814 916 3887 civitati
931 3813 968 3886 in
984 3813 1198 3910 quainjuria
1212 3812 1338 3885 artifici

225 3927 333 4001 luerit
347 3928 457 4017 illata,
475 3931 586 4003 uthis
601 3930 702 4003 factis
722 3929 874 4003 artifices
890 3930 1048 4026 quisunt
1063 3929 1213 4001 Athenis
1225 3930 1338 4003 invio-

224 4043 286 4118 lati
305 4052 341 4118 et
352 4047 419 4119 tuti
432 4047 503 4119 sint
515 4054 621 4144 atque
631 4053 799 4143 appareat
811 4046 1078 4144 Amphictiones
1091 4045 1340 4118 convenientia

225 4163 402 4259 majorum
417 4163 588 4237 voluntati
602 4163 735 4251 lacere3
752 4162 970 4236 inscribatur
981 4185 1063 4235 vero
1079 4163 1148 4236 hoc
1160 4162 1341 4234 decretum

226 4278 390 4375 Delphis;
413 4279 577 4353 similiter
600 4286 636 4353 et
664 4279 825 4351 mittatur
844 4279 952 4376 hujus
977 4277 1109 4352 decreti
1138 4278 1341 4373 exemplum

225 4394 270 4468 ad
294 4396 470 4493 populum
496 4393 772 4470 Atheniensium
797 4400 839 4466 ut
856 4393 1100 4491 obsequantur
1127 4393 1178 4467 eis
1202 4415 1282 4489 quae
1299 4391 1342 4465 de

224 4511 349 4586 Atticis
376 4512 572 4587 artificibus
601 4514 761 4587 humane
785 4510 1020 4587 decreverunt
1048 4510 1338 4608 Amphictiones,
