3120 5302
698 552 858 611 ..89-

222 705 325 754 causa
347 680 440 780 (1).»
470 682 508 753 L.
528 682 661 778 Scipio,
680 683 804 756 collata
826 682 870 754 ad
897 679 932 751 id
953 680 1105 776 pecunia
1128 679 1172 752 ab
1192 680 1333 776 regibus

221 797 490 894 civitatibusque
506 807 539 869 et
559 800 778 895 congregatis
797 822 859 894 per
873 798 992 869 Asiam
1009 795 1216 886 artificibus,
1230 796 1335 869 ludos

219 938 282 1010 per
302 916 423 987 decem
442 913 516 986 dies
537 915 618 987 lecit
647 913 712 1013 (2).
741 916 829 1005 Quae
855 911 1055 1009 spectacula
1079 913 1217 984 scenica
1245 912 1334 986 adeo

220 1031 446 1126 splendorem
467 1030 636 1103 ludorum
654 1054 781 1127 augere
797 1030 869 1102 visa
886 1036 969 1101 sunt
985 1037 1023 1099 ut
1039 1029 1144 1101 etiam
1160 1028 1334 1124 gladiato-

221 1172 300 1220 rum
322 1149 464 1220 muneri
485 1149 594 1244 quod,
613 1150 737 1220 mortis
761 1171 866 1220 causa
889 1146 1066 1243 patrissui
1087 1144 1184 1218 dedit
1200 1148 1238 1220 T.
1254 1145 1336 1251 Fla-

221 1265 391 1354 mininus,
411 1265 514 1337 ludos
535 1266 693 1338 scenicos
709 1264 867 1353 adderet,
886 1263 1052 1358 adquos,
1070 1286 1202 1359 graecos
1222 1263 1335 1336 artili-

220 1406 275 1455 ces
303 1383 508 1455 convenisse
534 1381 726 1454 verisimile
752 1388 804 1455 est
829 1379 894 1479 (3).
926 1379 1129 1452 Cavendum
1158 1381 1275 1452 etiam
1291 1382 1335 1454 de

219 1497 313 1570 ludis
334 1498 447 1571 luerat
475 1498 810 1586 senatusconsultu,
840 1502 984 1593 propter
1016 1481 1148 1569 ellusos
1173 1504 1336 1594 sumptus

219 1615 327 1687 factos
355 1615 392 1687 in
422 1614 526 1687 ludos
551 1616 604 1686 Ti.
637 1616 836 1711 Sempronii
869 1612 996 1697 aedilis,
1028 1613 1089 1709 qui
1115 1636 1235 1709 graves
1261 1637 1335 1686 non

118 1787 121 1792 .
219 1731 324 1802 modo
341 1730 449 1803 ltaliae
464 1753 504 1803 ac
516 1731 620 1803 sociis
635 1732 750 1803 Latini
761 1731 929 1817 nominis,
949 1729 1008 1801 sed
1025 1729 1130 1802 etiam
1144 1730 1335 1824 provinciis

219 1847 371 1918 externis
390 1847 527 1919 lueraut
550 1844 615 1945 (le)

267 1964 429 2035 Ceterum
449 1969 487 2035 ut
501 1964 579 2035 baec
596 1965 732 2037 novitas
748 1964 917 2059 ludorum
939 1988 1137 2061 graecorum
1164 1964 1253 2036 bene
1272 1985 1337 2036 ac-

218 2085 317 2173 cepta
338 2087 403 2168 est,
426 2082 474 2152 ita
492 2082 602 2177 magis
625 2082 897 2178 magnificentiae
918 2105 1023 2154 causa
1040 2080 1210 2153 inauditae
1228 2103 1335 2174 quam

219 2195 407 2290 voluptatis
434 2205 494 2269 aut
517 2199 740 2271 scenicarum
762 2199 893 2270 artium
918 2197 1026 2269 studii
1044 2197 1194 2292 placuit;
1219 2219 1335 2292 neque

220 2314 330 2408 magis
346 2314 381 2385 in
399 2316 548 2387 scenicis
564 2338 670 2411 quam
683 2316 718 2386 iu
735 2314 866 2387 tabulis
881 2315 984 2409 pictis
1000 2313 1154 2411 populus
1169 2336 1338 2386 romanus

220 2436 254 2501 et
282 2429 445 2527 plerique
469 2432 702 2526 imperatores
728 2431 942 2504 intellexisse
966 2430 1144 2502 videntur.
1168 2428 1337 2525 Lepidam

220 2545 357 2641 Polybii
380 2547 623 2620 narrationem
648 2571 718 2620 nou
744 2547 985 2644 injucundum
1010 2547 1075 2619 erit
1099 2545 1235 2629 elidite,
1267 2569 1337 2641 qua

223 2662 372 2756 scriptor
400 2663 547 2735 minime
575 2665 740 2737 Romanis
763 2662 941 2752 adversus,
974 2662 1077 2736 rudes
1103 2663 1338 2758 spectantium

224 2779 361 2851 animos
385 2786 418 2852 et
443 2781 620 2852 artificum
645 2779 741 2853 haud
779 2779 959 2852 indoctam
998 2781 1256 2875 impudentiam
1285 2779 1339 2852 el-

224 2895 345 2966 finxit:

280 3010 355 3081 «L.
380 3011 539 3099 Anicius,
566 3012 686 3084 accitis
712 3014 886 3086 eGraecia
914 3012 1118 3085 clarissimis
1146 3011 1341 3084 artificibus

225 3134 475 3222 exstructaque
493 3132 528 3198 in
545 3128 647 3200 Circo
664 3129 882 3223 amplissima
905 3152 1022 3214 scena,
1050 3129 1183 3224 primos
1203 3128 1341 3200 induxit

226 3242 389 3315 tibicines
407 3241 514 3314 simul
533 3266 670 3331 omnes,
693 3244 921 3318 Theodorum
946 3244 1123 3332 Boeotum,
1140 3248 1165 3315 T
1169 3246 1343 3340 heopom·

227 3381 327 3455 pum,
346 3360 580 3454 Hermippum
598 3382 638 3431 ac
653 3359 916 3455 Lysimachum,
936 3361 997 3455 qui
1022 3368 1097 3432 tum
1119 3361 1225 3433 totius
1240 3363 1342 3432 Grae-

226 3475 290 3545 ciae
306 3473 528 3547 celeberrimi
542 3482 656 3547 erant.
681 3479 765 3566 Hos,
789 3500 901 3572 quum
917 3478 953 3547 in
968 3477 1152 3573 proscenio
1167 3478 1343 3549 statuisset

228 3613 300 3662 una
327 3614 408 3662 cunr
434 3591 556 3677 choro,
583 3590 690 3663 simul
723 3615 849 3666 canere
872 3615 1000 3665 omnes
1017 3594 1135 3687 jussit.
1162 3592 1235 3664 lllis
1263 3614 1345 3665 vero

226 3707 410 3779 modulato
434 3714 469 3778 et
493 3730 685 3780 numeroso
716 3707 906 3804 digitorum
936 3715 1033 3781 motu
1064 3706 1166 3781 tibias
1195 3732 1347 3804 percur-

227 3822 400 3912 rentibus,
424 3824 571 3896 Anicius
594 3827 732 3920 negavit
748 3849 807 3898 eos
823 3826 915 3898 bene
935 3848 1061 3898 canere
1084 3831 1119 3896 et
1139 3826 1249 3921 magis
1269 3849 1346 3899 ccr-

228 3946 301 4010 tare
315 3939 433 4034 jussit.
453 3943 571 4024 Quum
587 3940 765 4013 haererent
788 3943 972 4038 ancipites,
999 3942 1143 4039 quidum
1165 3966 1184 4014 e
1204 3942 1346 4015 lictori-

228 4053 295 4126 bus
321 4056 529 4151 significavit
554 4062 593 4127 ut
613 4057 651 4127 in
671 4079 706 4128 se
726 4058 821 4152 ipsos
841 4060 998 4132 conversi
1014 4067 1281 4149 concurrerent,
1304 4081 1345 4131 ac
