3120 5302
595 591 636 605 ...
656 561 693 619 27
719 591 757 605 ..

111 692 210 765 ribus
225 690 409 777 humanis,
426 712 471 761 ne
494 688 622 763 divinis
646 690 792 787 quidem
811 691 1073 770 abstinuerunt.
1091 695 1230 789 Quippe

111 809 148 879 in
167 808 303 880 theatro
321 813 402 879 ante
418 811 568 881 statuam
584 806 748 880 Cratonis
763 806 939 904 tripodem
952 816 988 881 et
1000 809 1228 883 thuribulum

111 925 279 1000 constitui
303 925 504 1020 jusserunt,
537 924 704 999 mandata
740 925 913 1000 sacerdoti
940 929 1032 1024 regis
1062 928 1232 1000 Eumenis

111 1066 197 1117 cura
216 1049 254 1114 ut
270 1042 461 1137 quotannis
477 1042 561 1114 thus
581 1044 619 1114 in
637 1043 714 1140 ejus
733 1043 909 1116 honorem
928 1053 1146 1116 cremaretur
1161 1040 1211 1140 (l)

112 1159 195 1233 Post
212 1155 309 1229 illius
330 1163 449 1230 autem
473 1155 626 1246 obitum,
644 1180 689 1232 ne
710 1158 797 1231 tanti
809 1159 875 1231 riri
893 1160 1067 1232 memoria
1081 1181 1232 1232 evanes-

113 1280 222 1362 ceret,
246 1273 321 1345 dies
337 1271 504 1345 solennes
524 1270 568 1345 de
585 1271 664 1369 ejus
682 1274 828 1346 nomine
842 1274 961 1370 peragi
978 1281 1013 1347 et
1032 1296 1112 1369 quae
1129 1296 1231 1347 man-

114 1390 195 1463 data
213 1390 316 1461 Grato
336 1389 380 1461 de
402 1412 551 1463 munere
566 1412 630 1462 suo
646 1389 817 1477 ediderat,
841 1412 949 1463 sacrae
969 1391 1055 1486 legis
1070 1391 1229 1478 nomine,

114 1513 190 1579 rata
210 1515 285 1578 esse
296 1505 482 1602 jusserunt
497 1504 563 1604 (2)
587 1507 682 1592 Quin
702 1507 808 1580 etiam
829 1507 973 1594 scenici,
997 1507 1102 1580 tantis
1122 1505 1233 1581 bene-

116 1622 206 1695 ficiis
220 1629 255 1695 ct
273 1627 371 1694 tanta
385 1623 546 1694 Cratonis
567 1623 662 1718 apud
682 1646 780 1717 reges
796 1623 909 1719 gratia
933 1622 1071 1696 facilius
1094 1622 1232 1695 inducti

116 1745 217 1812 erant
251 1744 292 1810 ut
326 1738 609 1813 deminutionem
641 1745 750 1811 status
790 1737 972 1834 popularis
1011 1743 1231 1832 paterentur.

117 1856 254 1951 Quippe
271 1856 309 1926 in
330 1853 466 1927 ultimis
483 1855 579 1928 illius
595 1855 673 1928 vitae
695 1853 930 1951 temporibus,
953 1855 1001 1926 ita
1020 1852 1174 1927 scribere
1190 1850 1234 1923 li-

116 1971 191 2044 cuit
211 1996 219 2044 :
247 2000 262 2038 a
282 1973 405 2061 Grato,
433 1970 595 2045 sacerdos
611 1970 751 2066 collegii
769 1971 811 2042 iis
827 1971 889 2066 qui
905 1968 970 2043 sub
988 1971 1064 2066 ipso
1085 1990 1234 2065 congre·

116 2088 186 2183 goti
206 2094 240 2159 et
261 2087 368 2182 positi
387 2093 469 2160 sunt
488 2087 553 2187 (3).
576 2116 593 2155 »

171 2203 213 2276 Ut
232 2202 327 2300 apud
339 2203 471 2301 justam
487 2207 676 2293 civitatem,
697 2205 747 2277 sic
762 2205 856 2301 apud
877 2202 1055 2277 artificum
1070 2201 1232 2299 collegia,

118 2321 335 2418 legationum
362 2346 466 2395 usum
491 2329 526 2395 et
548 2345 790 2419 proxcnorum
815 2321 1075 2394 institutionem
1102 2318 1237 2416 reperi-

119 2462 212 2512 mus.
236 2440 417 2514 Proxenos
436 2439 615 2513 artificum
630 2438 738 2511 fuisse
754 2461 773 2511 e
793 2436 898 2510 titulo
914 2435 1051 2532 Rhegio
1063 2436 1138 2531 jam
1153 2433 1236 2507 licet

120 2557 291 2656 suspicari
301 2584 310 2644 ;
332 2557 390 2630 sed
407 2556 500 2630 male
519 2555 685 2652 descripti
700 2554 829 2651 lapidis
843 2577 917 2626 non
939 2553 987 2625 ita
1002 2558 1140 2625 certum
1160 2574 1234 2625 csse

120 2674 363 2747 testimonium
390 2673 543 2747 arbitror
567 2672 633 2772 (l).
665 2672 787 2745 Altero
810 2679 929 2744 autem
957 2670 1096 2743 tollitur
1119 2669 1236 2743 omnis

121 2788 307 2878 dubitatio,
334 2790 436 2887 cujus
456 2790 598 2863 initium
623 2811 728 2885 prave
754 2789 959 2862 restitutum
985 2789 1023 2860 in
1048 2785 1235 2861 meliorem

123 2908 272 2982 immam
292 2908 410 3004 redegi
430 2906 442 3006 (
470 2906 495 3004 ).

360 3112 413 3193 [Tb
427 3111 512 3172 κοινὸν
523 3115 576 3171 τῶν
593 3111 653 3192 περ)
667 3109 711 3170 τὸν
725 3107 800 3188 md]

361 3233 406 3270 σον
420 3211 559 3291 τεχνιτῶ]ν
578 3212 630 3267 τῶν
647 3210 683 3277 εἷς
699 3206 821 3288 Ἴσθ(μον

361 3309 405 3367 καὶ
419 3308 560 3387 Ν)ε[με’]αν
576 3305 779 3386 συντελούν(των
787 3349 897 3368 ......

362 3407 511 3476 Ζευξίππου
527 3406 579 3486 τὸμ
592 3405 728 3488 πρόξενο(ν
742 3407 787 3465 καὶ
799 3406 938 3487 εὐεργέτην

361 3508 461 3564 ἑαυτῶν
476 3504 606 3565 blondum
621 3507 714 3586 ἀρετῆς
726 3503 812 3564 ἕνεκεν
826 3504 872 3564 καὶ

362 3604 473 3677 εὐναίας,
488 3603 521 3676 ἣν
535 3602 604 3683 ἔχων
620 3606 734 3663 διατελεῖ
749 3601 786 3669 εἴς
798 3625 828 3662 τε
839 3599 898 3668 τοὺς

364 3704 484 3783 τεχνίτας
498 3703 543 3763 καὶ
558 3709 605 3776 τῆς
618 3705 655 3772 εἷς
672 3702 716 3763 τὸν
732 3703 789 3763 θεὸν
803 3700 946 3767 εὗσεὸείας.

173 3892 225 3966 De
238 3893 416 3989 proxenis,
433 3892 528 3988 quod
547 3892 735 3988 proprium
754 3890 821 3963 suit
844 3889 1048 3963 Graecarum
1060 3888 1241 3961 civitatum
1288 3896 1290 3904 ’

127 4010 341 4098 institutum,
363 4008 534 4083 disserere
554 4031 813 4104 supervacuum
839 4007 896 4095 sit,
919 4007 1051 4103 quippe
1077 4004 1138 4102 qui
1161 4001 1242 4099 plu-

167 4275 208 4359 (1)
233 4275 347 4356 Corpus
360 4275 448 4337 laser.
464 4297 524 4357 pr,
539 4279 617 4340 3068
631 4279 669 4353 A,
686 4274 708 4338 l.
721 4277 824 4337 23-28.

166 4373 210 4456 (ἓ)
225 4373 338 4455 Corpus
349 4375 437 4437 inser.
448 4393 510 4453 pr„
523 4375 611 4443 3069,
624 4370 646 4430 l.
658 4373 803 4431 34-36.-
813 4367 854 4450 (3)
867 4366 979 4450 Corpus
989 4368 1074 4428 inser.
1082 4366 1242 4446 pemmo.

163 4466 207 4548 (l)
230 4470 345 4550 Corpus
359 4469 449 4530 incer.
464 4486 525 4546 pr„
542 4469 631 4527 5762.

166 4561 208 4643 (5)
233 4563 314 4640 Keil,
330 4562 450 4642 Syllope
464 4561 553 4621 insen.
569 4559 667 4635 boeot,
683 4576 713 4637 p.
728 4559 779 4620 80.
