3120 5302
789 594 972 654 -106-

323 721 511 795 beneficio.
532 723 636 808 Quod
650 745 742 818 aegre
759 725 918 820 populus
940 722 1023 796 tulit
1043 730 1091 805 et,
1108 743 1203 794 anno
1217 701 1304 810 lla,
1323 719 1445 793 llono-

324 837 397 909 rius
412 838 540 910 mimas
553 860 718 911 revocare
736 847 880 913 coactus
892 840 962 913 luit
982 868 998 906 «
1009 845 1050 911 ut
1062 833 1303 932 voluptatibus
1315 835 1442 931 populi

322 975 363 1026 ac
376 953 474 1026 festis
494 951 620 1027 diebus
639 953 765 1027 solitus
782 963 928 1029 ornatus
948 955 1070 1027 deesse
1084 975 1157 1026 non
1176 951 1285 1048 possit
1304 948 1358 1050 (l)
1371 980 1410 1025 ».

369 1071 474 1141 Anno
494 1073 634 1141 tantum
650 1070 736 1158 537,
754 1070 904 1143 scenicis
923 1069 1001 1166 lege
1014 1068 1230 1164 permissum
1248 1072 1301 1139 est
1317 1071 1359 1138 ut
1378 1089 1444 1140 suo
1514 1052 1519 1061 ’

316 1185 399 1279 jure
414 1183 527 1258 libere
546 1185 737 1258 artificium
757 1186 971 1274 desererent,
988 1182 1171 1280 religionis
1188 1204 1307 1255 cansa.

369 1302 597 1394 Quanquam,
622 1322 663 1372 ea
689 1307 806 1390 aetate,
831 1299 1047 1398 jamdudum
1069 1297 1171 1370 nulla
1197 1305 1298 1370 erant
1324 1297 1444 1393 prisca

318 1413 382 1488 illa
408 1437 609 1512 graecorum
636 1417 815 1490 artificum
844 1416 993 1512 collegia
1022 1414 1065 1488 de
1090 1413 1221 1511 quibus
1246 1412 1442 1509 disputatio

319 1531 479 1604 instituta
509 1539 574 1605 est.
610 1535 770 1618 Quorum
804 1533 995 1606 novissima
1033 1536 1269 1604 monumenta
1302 1530 1441 1603 Severis
1546 1588 1549 1594 .

318 1646 470 1743 aequalia
492 1654 594 1735 sunt;
617 1672 689 1744 quo
712 1672 795 1722 vero
816 1655 976 1743 tempore
998 1647 1170 1743 perierint
1194 1643 1344 1718 definire
1364 1667 1462 1730 non¹

319 1761 433 1834 licuit.
453 1765 589 1858 Nempe
605 1763 778 1858 paulatim
795 1771 929 1859 poetas,
952 1763 1119 1851 musicos,
1138 1769 1275 1835 actores
1293 1760 1444 1835 abstulit

318 1901 391 1951 non
422 1887 519 1951 certa
547 1878 604 1952 lex
630 1879 686 1951 vel
719 1879 835 1952 subita
864 1880 1068 1952 animorum
1096 1878 1291 1951 conversio.
1324 1877 1397 1950 Sed
1423 1901 1443 1950 a

316 1995 463 2067 theatris
482 1995 648 2068 homines
666 2019 765 2069 novae
788 1994 872 2067 fidei
890 2019 970 2067 vere
990 1993 1149 2068 addictos
1168 1993 1302 2066 amovit
1320 1978 1442 2066 chris-

316 2111 413 2184 tiana
426 2111 561 2207 religio,
579 2110 851 2209 objurgantibus
868 2112 1064 2208 episcopis;
1088 2117 1243 2196 ceteros,
1272 2109 1349 2205 jam
1370 2113 1441 2182 Ro·

316 2249 506 2300 manorum
522 2229 700 2323 exemplo,
719 2234 891 2325 apparatu
909 2227 1102 2323 spectaculi
1118 2233 1225 2322 atque
1248 2224 1442 2298 oculorum

315 2341 495 2415 illecebris
510 2350 643 2438 captos,
662 2344 874 2416 crescensin
894 2342 969 2416 dies
987 2342 1196 2416 saltatorum
1211 2341 1344 2414 favora
1363 2348 1443 2414 tra-

312 2458 432 2552 goedia
458 2465 491 2532 et
516 2457 692 2531 comoedia
720 2458 764 2530 ad
787 2460 1028 2555 pantomimos
1054 2457 1211 2532 traduxit
1236 2454 1301 2555 (2),
1324 2458 1444 2530 donec

315 2571 483 2644 insanum
501 2574 695 2645 mimorum
716 2578 750 2644 et
771 2573 985 2646 circensium
1001 2571 1162 2648 studium
1177 2572 1332 2644 musicas
1347 2578 1444 2644 artes

317 2688 465 2760 omnino
485 2687 658 2760 aboleret.
767 2685 771 2693 ’

356 2893 398 2974 (l)
420 2894 525 2954 Codex
545 2893 711 2968 Theodos,
731 2892 752 2952 l.
767 2893 832 2969 XV,
848 2893 897 2954 tit.
915 2909 961 2955 vn
976 2893 1015 2953 de
1029 2893 1169 2965 scenicis,
1187 2891 1283 2953 editio
1298 2889 1442 2952 Gotfredi

312 2986 403 3065 cujus
421 2987 492 3046 vide
506 2985 735 3066 praelationem.
756 2988 820 3046 Has
839 2987 1068 3066 imperatorum
1087 2986 1334 3046 christianorum
1347 2983 1437 3064 leges

312 3081 380 3159 jam
395 3085 467 3158 apte
480 3080 644 3160 proposuit
658 3081 774 3159 Eggm,
789 3079 941 3140 Me'moires
955 3078 989 3140 de
1001 3078 1170 3140 litterature
1183 3079 1329 3140 ancienne.

357 3173 398 3252 (ἢ)
419 3174 562 3248 Luciam,
579 3172 625 3233 De
635 3172 813 3234 Soltntione.

963 3825 1024 3876 er
1037 3839 1071 3876 ac
1088 3840 1204 3878 rsuram
1218 3845 1225 3880 :

799 3904 901 3955 Lutetiae
913 3904 1070 3968 Parisiorum,
1084 3907 1111 3957 in
1125 3908 1249 3970 Sorboua,
1264 3925 1287 3958 a.
1302 3910 1328 3959 d.
1340 3922 1379 3962 xv
1391 3911 1438 3961 cal.

831 3995 902 4035 mart.
914 4003 946 4035 an
957 3999 1142 4052 muccosum,
1155 3989 1287 4038 Facultatis
1298 3989 1440 4041 litterarum

829 4064 854 4114 in
866 4066 997 4116 Academia
1008 4068 1136 4119 Parisiensi
1148 4068 1269 4120 Decanus.

1152 4148 1254 4199 ΡΑΤΙΝ.

429 4220 509 4271 l'rrrs
526 4233 697 4273 usnemun:

364 4302 500 4352 Academiae
510 4302 654 4351 Parisiensis
671 4308 774 4368 Hector,

464 4394 494 4435 Α.
509 4380 660 4432 MOURIER.
