3120 5302
638 581 778 640 ..9-

147 717 379 807 Myonnesum
393 711 605 784 traduxisset
623 734 701 808 qum
716 717 766 784 est
781 711 876 783 inter
887 712 999 782 Teum
1016 716 1048 783 et
1067 709 1264 800 Lebedum,

148 828 264 900 missis
291 826 434 923 legatis,
456 828 529 899 Teii
558 851 577 900 a
602 827 769 900 Romanis
786 827 987 922 petiverunt
1008 848 1053 897 ne
1080 833 1203 899 contra
1229 849 1265 898 se

146 935 352 1040 paterentur
372 943 505 1014 muniri
525 940 779 1039 Myonnesum3
808 943 857 1015 ita
880 941 932 1014 illi
959 940 1142 1014 Lebedum
1167 964 1265 1015 com-

147 1061 398 1156 migraverunt,
416 1057 581 1132 Lebediis
598 1059 645 1132 ob
662 1059 852 1132 homiuum
868 1059 1070 1154 penuriam,
1089 1080 1161 1154 qua
1183 1066 1266 1132 tune

146 1173 412 1274 premebantur,
435 1198 494 1247 eos
509 1175 743 1248 libentissime
761 1171 1018 1281 recipientibus
1033 1173 1099 1272 (l).
1114 1204 1129 1240 u
1159 1173 1267 1247 Aliud

146 1291 251 1364 etiam
268 1291 476 1362 eorumdem
492 1289 715 1364 domicilium
731 1290 849 1362 omisit
863 1287 1009 1376 Straho;
1033 1289 1154 1361 retulit
1169 1291 1264 1361 enim

148 1405 359 1478 Plutarchus
372 1403 581 1493 Antonium,
596 1412 784 1502 postquam
797 1404 893 1477 Sami
911 1400 1015 1475 ludos
1032 1405 1189 1477 scenicos
1204 1427 1268 1499 per

146 1522 267 1618 plures
290 1522 364 1595 dies
384 1523 523 1618 egisset,
546 1523 695 1596 Prienen
717 1519 913 1595 artificibus
933 1521 1052 1593 sedem
1073 1522 1267 1617 assignasse

148 1638 309 1736 (Aulon,
326 1636 400 1736 57).
429 1637 495 1709 Ubi
522 1661 594 1711 non
624 1638 684 1711 diu
701 1644 795 1711 certe
810 1636 1018 1709 commorati
1041 1643 1137 1721 sunt,
1155 1661 1267 1733 quum

146 1753 292 1851 Augusti
317 1760 419 1825 atate
445 1753 626 1826 Lebedum
649 1749 860 1829 incolerent.
887 1752 1025 1825 lndicat
1043 1752 1150 1825 etiam
1176 1752 1267 1849 lapis

146 1871 257 1942 aetatis
273 1869 512 1965 imperatoriae
528 1893 601 1958 eos
618 1876 699 1968 post
714 1877 785 1942 tam
799 1870 947 1965 longum
964 1867 1128 1942 exsilium
1144 1877 1265 1942 ettam

146 1984 278 2059 multos
302 2007 451 2074 errores,
475 1987 618 2060 tandem
639 1991 752 2059 Teum
786 1985 992 2081 remigrasse
1020 1991 1054 2057 et
1082 1981 1266 2080 antiquam

146 2100 267 2175 sedem
285 2101 514 2196 repetivisse(
541 2099 567 2198 ).

196 2224 231 2292 5.
261 2218 379 2314 Cypri.
410 2217 573 2290 Artifices
590 2240 722 2313 graecos
741 2203 963 2321 abEvagora
983 2224 1017 2290 et
1041 2217 1184 2291 Nicocle
1204 2239 1268 2289 ac-

146 2328 235 2408 citos
264 2341 297 2407 et
326 2335 362 2405 iu
393 2333 511 2406 insula
543 2339 807 2406 commorantes
843 2338 1014 2406 lsocrates
1044 2357 1269 2407 commemo-

145 2457 200 2524 rat
215 2447 265 2549 (3)
277 2476 286 2538 ;
311 2473 390 2546 quae
407 2449 475 2522 fuit
495 2473 579 2522 saue
604 2449 743 2546 collegii
763 2450 876 2546 origo.
904 2454 1037 2546 Regum
1058 2450 1267 2547 Cypriorum

148 2567 265 2640 studia
283 2589 365 2662 erga
380 2590 456 2639 rem
474 2565 666 2656 ludicram,
689 2566 911 2662 temporibus
932 2566 1136 2654 Alexandri,
1160 2573 1268 2639 testa-

147 2691 206 2755 tur
229 2683 441 2756 Plutarchus
458 2681 559 2773 (Vide
578 2707 614 2778 p.
641 2680 716 2781 84).
740 2683 823 2755 Post
844 2683 922 2772 hos,
949 2683 1089 2780 collegii
1109 2684 1269 2778 patroci—
1336 2689 1342 2697 '

150 2801 251 2872 uium
269 2804 483 2895 receperunt
502 2799 652 2894 AEgpptii
671 2821 781 2894 reges,
801 2804 898 2870 tanto
913 2797 1032 2872 lavore
1046 2805 1086 2871 ut
1105 2799 1267 2894 ‘ipsorum

147 2939 277 2990 nomen
296 2939 379 2989 cum
396 2916 544 2988 Baccho
560 2915 806 2988 consociarent
819 2915 971 2987 artifices
986 2913 1050 3012 (l).

194 3037 228 3103 6.
254 3031 491 3104 Alexandriae.
521 3030 671 3103 Nullum
695 3030 814 3103 adhuc
843 3029 1000 3101 innotuit
1029 3029 1264 3103 Alexandrini

146 3147 284 3243 collegii
306 3135 595 3221 monumentum.
621 3144 690 3219 Sed
710 3144 917 3233 Athenaeus,
940 3169 1109 3242 pompam
1132 3148 1263 3219 descri-

146 3261 233 3334 bens
260 3263 388 3336 in'hac
411 3262 498 3334 urbe
523 3286 544 3335 a
566 3285 646 3358 rege
667 3260 825 3352 ductam,
846 3263 1004 3335 scenicos
1026 3263 1179 3336 artifices
1199 3286 1264 3335 no-

147 3379 258 3452 minat
272 3385 306 3453 et
320 3386 540 3475 praeeuntem
561 3380 722 3475 ipsorum
740 3377 959 3452 sacerdotem
977 3386 1122 3476 poetam
1137 3378 1266 3453 Philis-

146 3516 229 3566 cum
251 3494 309 3592 (V‚
328 3497 402 3591 Ἡ).

196 3619 229 3685 7.
260 3612 449 3706 Syracusis.
478 3612 563 3698 Quis
581 3613 701 3686 credat
718 3612 976 3708 amplissimam
992 3612 1181 3697 civitatem,
1202 3633 1268 3684 ca-

146 3734 208 3822 put
223 3727 365 3816 Sicilie,
382 3728 512 3824 insigni
527 3729 679 3816 theatro,
699 3730 802 3826 cujus
821 3729 896 3823 ipsa
917 3727 1045 3802 rudera
1063 3727 1268 3801 admiratio·

184 3905 226 3987 (l)
249 3907 372 3983 Strabo,
389 3907 469 3982 XIV,
486 3923 508 3984 1,
525 3911 575 3970 29.

183 3998 226 4082 (2)
250 3999 362 4080 Corpus
376 3999 463 4060 inser.
479 4019 536 4078 pr,
553 4003 642 4063 3082.
664 4034 703 4046 —
725 4002 817 4061 Haud
833 4001 896 4062 scio
910 4020 951 4062 an
966 4002 1004 4063 de
1020 4001 1151 4063 scenicis
1165 4001 1264 4060 artifi-

145 4094 231 4155 cibus
245 4092 480 4173 Theophrastus
496 4096 655 4174 scripserit
664 4096 697 4154 in
707 4095 851 4157 Charact.
863 4101 901 4157 ⁶23
916 4115 923 4157 :
936 4097 990 4155 Καὶ
1003 4095 1126 4178 περὶτῶν
1140 4098 1266 4175 τεχνιτῶν

143 4191 194 4246 τῶν
210 4191 237 4247 ἐν
251 4212 284 4266 τῃ
300 4186 384 4268 Ἀσίᾳ,
396 4184 436 4246 ὅτι
450 4187 569 4267 βελτίους
583 4187 633 4247 εἶσὶ
647 4191 699 4247 τῶν
715 4192 741 4247 ἓν
756 4193 789 4268 τῇ
803 4188 921 4270 Εὐρώπῃ
936 4189 1149 4271 ἀμφισὸητῆσαι.

183 4279 223 4361 (3)
250 4272 419 4361 Euagoras,
437 4285 465 4352 l,
482 4285 532 4343 50.
544 4316 582 4330 -
598 4281 644 4344 ef.
663 4282 758 4343 etiam
772 4285 815 4345 Le
833 4285 893 4344 Bas
909 4290 941 4345 et
958 4287 1102 4362 Foucart,
1117 4289 1207 4344 notes
1222 4284 1264 4343 du

143 4388 177 4436 n⁰
199 4379 267 4437 125.
1072 4426 1074 4430 ,

183 4469 223 4550 (t)
249 4469 360 4548 Corpus
381 4469 469 4529 inser.
496 4489 557 4548 pm,
581 4474 671 4547 2619,
688 4473 779 4534 2620.
792 4507 833 4518 -
846 4476 888 4535 Le
904 4477 964 4536 Bas
985 4481 1017 4536 et
1036 4473 1262 4550 Waddington,

144 4562 237 4623 lusor.
255 4562 511 4640 u'Asie-Miueure,
528 4568 649 4627 2793ss
