3120 5302
778 522 937 582 ..76-

308 655 420 752 gloria
446 655 681 728 certaminum
707 653 808 729 datus
838 657 938 730 locus
962 663 1015 730 est
1042 656 1141 728 novis
1166 657 1329 752 ingeniis,
1361 681 1428 731 nec

309 771 499 845 doluerunt
518 772 579 867 qui
600 794 696 867 epos,
725 773 786 869 qui
809 772 955 870 lyricam
980 780 1014 846 et
1039 773 1267 846 dramaticam
1290 774 1426 870 poesim

308 911 438 984 augere
453 892 644 960 tentarent.

357 1005 398 1077 ln
411 1027 452 1078 eo
461 1027 543 1076 vero
556 1006 735 1101 praecipua
746 1004 823 1079 laus
836 1005 1312 1102 scenicorumoollegiorum
1330 1007 1428 1105 quod

308 1121 552 1219 pulcherrima
568 1128 726 1194 veterum
741 1130 926 1218 poetarum
942 1145 1049 1219 opera
1065 1124 1190 1219 agresti
1207 1123 1260 1197 vel
1276 1123 1427 1198 barbaro

309 1237 385 1311 orbi
409 1236 608 1310 intulerunt
617 1264 626 1326 ;
651 1239 735 1310 hinc
758 1241 854 1312 enim
878 1240 913 1311 in
937 1239 1104 1313 Armenia
1123 1240 1292 1335 Tigranes
1314 1240 1428 1337 pluri·

309 1379 386 1428 mos
402 1353 555 1428 artifices
574 1358 804 1452 congregavit
820 1363 854 1430 et
871 1355 967 1452 apud
983 1356 1130 1430 Parthos
1145 1356 1324 1452 tragoedus
1338 1381 1429 1454 grae-

309 1495 370 1544 cus
389 1471 544 1544 Bacchas
564 1471 744 1567 Euripidis
759 1473 828 1568 egit
850 1471 920 1570 (l);
944 1472 1043 1544 illinc
1063 1473 1157 1568 apud
1174 1472 1302 1546 lubam
1323 1478 1427 1548 Mau-

311 1588 454 1660 retaniae
480 1608 613 1681 regem,
635 1587 770 1659 scenici
792 1587 898 1683 graeci
918 1587 1008 1660 boue
1035 1589 1169 1683 accepti
1194 1589 1424 1688 luei‘unt(2);

309 1728 374 1778 nec
393 1703 467 1776 ulla
487 1703 607 1775 civitas
631 1702 675 1776 ad
695 1704 903 1800 spectandas
923 1706 1121 1801 priscorum
1147 1712 1268 1779 ratum
1290 1707 1428 1783 fabulas

308 1819 502 1895 artificibus
536 1820 661 1893 caruit.
707 1825 822 1895 Pauca
856 1822 1032 1895 ediderint
1060 1816 1208 1919 posteris
1236 1822 1422 1914 tradenda,

308 1946 402 2014 certe
422 1935 620 2034 aequalibus
642 1939 714 2011 suis
734 1939 888 2012 multum
903 1939 1118 2035 prosuerunt
1133 1963 1215 2011 cum
1231 1939 1363 2036 quibus
1377 1947 1427 2013 tot

307 2055 445 2152 egregia
464 2077 583 2151 opera,
604 2082 683 2154 quae
706 2055 875 2129 audiendi
895 2056 1081 2152 perpaucis
1104 2057 1203 2151 prius
1227 2058 1330 2152 copia
1345 2058 1428 2131 data

307 2171 432 2262 luerat,
455 2174 821 2247 communicaverunt.
839 2173 990 2247 Videtur
1008 2173 1114 2268 igitur
1128 2173 1197 2245 hoc
1207 2173 1330 2247 lumen
1346 2198 1427 2246 mu-

308 2289 460 2360 sicarum
482 2291 612 2363 artium
634 2288 729 2386 quod
753 2291 790 2361 in
808 2289 915 2361 reteri
939 2289 1072 2360 Graeoia
1094 2293 1127 2360 el
1147 2287 1427 2361 maximeAlhe-

308 2403 376 2492 nis,
405 2409 500 2477 tanta
526 2405 684 2479 claritate
714 2404 936 2500 splendebat,
963 2426 1037 2476 non
1063 2404 1276 2475 exstinctum
1301 2400 1424 2492 luisse,

308 2520 369 2592 sod
386 2542 449 2615 per
463 2527 577 2593 totum
595 2522 667 2594 lere
685 2521 809 2594 orbem
825 2520 1009 2608 diffusum3
1028 2541 1099 2615 quo
1113 2518 1230 2609 latius,
1247 2518 1428 2592 eominus

308 2634 422 2708 vivide
440 2635 626 2711 effulsisse.

820 2970 916 3042 viu.
1015 2915 1020 2924 ⁸

335 3233 543 3305 Quantum
564 3233 683 3289 bonis
703 3233 888 3288 morlbun
908 3234 948 3286 et
969 3233 1200 3288 Graecei-mn
1221 3234 1402 3291 libertati

565 3327 741 3387 artifices
761 3333 910 3388 scenici
930 3325 1170 3388 nocuerint?

357 3575 407 3644 De
432 3569 592 3643 moribus
621 3572 843 3644 scenicorum
872 3594 1083 3667 grecorum,
1105 3578 1230 3644 notum
1254 3577 1307 3644 est
1332 3571 1426 3647 illud

306 3687 509 3760 Aristotelis
526 3686 737 3783 problema:
769 3687 939 3772 «Quibus
966 3687 1079 3759 causis
1111 3689 1242 3761 scenici
1271 3689 1426 3763 artifices

307 3803 520 3899 plerumque
540 3802 636 3898 pravi
653 3825 727 3875 esse
742 3801 881 3875 solent?
897 3805 1021 3874 Nonne
1041 3801 1138 3896 quod
1154 3804 1262 3876 studii
1278 3805 1425 3900 sepien-

307 3922 366 3993 tiae
393 3919 541 3992 minime
571 3920 759 4016 participes
789 3924 891 4006 sunt,
926 3924 1138 4015 consumpta
1163 3920 1202 3990 in
1227 3920 1424 3992 necessaria

309 4034 449 4109 artificii
464 4033 695 4108 meditatione
709 4034 788 4107 vitae
806 4035 958 4108 maxima
976 4040 1086 4129 parte,
1105 4040 1139 4108 ot
1154 4033 1248 4131 quod
1264 4035 1425 4130 plerum-

345 4341 387 4422 (l)
410 4340 569 4402 Plutarch.
575 4388 584 4417 ,
599 4340 755 4416 Lucullus,
771 4344 821 4403 29.
837 4374 877 4388 -
895 4339 1027 4415 Crassos,
1045 4342 1094 4402 33.

346 4437 385 4516 (2)
407 4434 588 4511 Athenaeus,
605 4436 685 4509 Vlll,
705 4453 736 4515 p.
752 4438 863 4497 dl3.-
875 4436 942 4514 lpse
958 4435 1041 4498 luha
1055 4440 1109 4496 aut
1123 4434 1191 4513 ejus
1207 4452 1305 4514 nepos
1319 4437 1423 4495 Mooss-

305 4529 488 4614 xlv-torulo
503 4529 692 4608 perscripsit.
958 4557 961 4562 ·
1377 4544 1380 4548 ⁴
