3120 5302
648 481 827 541 -103-

177 616 291 689 multa
329 621 363 688 et
396 615 492 688 varia
525 637 588 711 per
624 619 738 688 totum
773 613 898 688 orbem
930 613 1108 687 artificum
1149 615 1290 688 itinera.

184 763 200 798 «
219 736 369 806 Senatus
391 730 616 829 populusque
640 731 827 804 honoravit
860 730 1022 804 Flavium
1050 730 1295 806 Alexandrum

178 848 299 922 Zellan
319 847 631 936 Nicomedensem,
653 845 836 942 biologum
856 845 968 944 (quod
984 846 1169 921 comoediae
1184 870 1296 944 genus

181 965 260 1061 luit)
272 966 487 1053 Asionicam,
504 971 539 1036 et
553 969 697 1060 propter
712 964 828 1059 operis
846 963 1093 1038 excellentiam
1108 973 1142 1039 et
1152 988 1294 1039 morum

177 1079 404 1177 probitatem,
430 1079 493 1175 qui
512 1078 596 1151 vicit
614 1080 651 1149 in
675 1078 758 1150 Asia
779 1077 1033 1152 certaminibus
1063 1078 1231 1167 sedecim,
1256 1081 1294 1152 in

177 1197 282 1292 Lycia
308 1203 342 1268 et
362 1194 581 1291 Pamphylia,
608 1218 667 1266 sex
690 1200 724 1268 et
746 1195 881 1292 viginti,
903 1195 1043 1269 consilii
1067 1195 1297 1270 Antiochian-

176 1314 268 1387 sium
288 1320 322 1385 et
341 1311 652 1402 Heracleensium,
676 1318 819 1385 senatus
838 1335 922 1385 vero
946 1312 1164 1387 Milesiorum
1184 1314 1294 1411 parti·

175 1426 323 1526 cipem(
348 1428 376 1528 ).
401 1460 418 1495 a

224 1547 330 1620 Plura
349 1546 456 1620 etiam
483 1547 642 1619 invenias
667 1546 705 1617 in
739 1544 843 1619 titulo
876 1549 1059 1642 Smyrnaeo
1083 1546 1122 1620 G.
1148 1548 1296 1622 Antonii

174 1664 342 1761 Septimi,
381 1664 465 1736 civis
501 1663 732 1759 Pergameni,
767 1662 960 1759 Smyrnaei,
993 1663 1217 1736 Atheniensis
1262 1672 1296 1738 et

175 1781 332 1876 Ephesii,
355 1780 457 1876 cujus
482 1779 650 1875 magister
674 1779 749 1874 ipso
779 1777 893 1851 tribus
921 1801 1067 1876 quoque
1095 1779 1295 1856 civitatibus

174 1898 373 1994 adscriptus
394 1895 473 1982 fuit,
502 1895 615 1969 autin
632 1894 806 1991 Delphico
821 1895 956 1992 pythici
977 1902 1011 1969 et
1033 1896 1157 1992 cyclici
1177 1897 1295 1974 tibici-

174 2015 244 2102 nis,
266 2021 402 2110 septem
422 2013 622 2086 civitatibus
643 2011 810 2109 adscripti
828 2011 894 2110 (2).

223 2134 374 2218 Horum,
397 2130 568 2226 quoniam
579 2127 797 2226 jamdudum
811 2129 1059 2218 innotuerunt,
1075 2131 1295 2204 mentionem

174 2248 299 2320 fecisse
329 2249 412 2320 satis
444 2247 527 2336 erit,
556 2244 661 2338 illud,
692 2245 974 2332 minusnotum‚
1003 2244 1292 2342 pleniusallem:

178 2395 194 2428 <t
225 2363 388 2438 Valerius
408 2361 584 2448 Eclectus,
609 2362 815 2457 Sinopensis
842 2367 985 2435 senator
1010 2368 1045 2434 et
1066 2363 1296 2436 Atheniensis

175 2487 209 2552 et
229 2480 390 2576 Delphus
405 2485 547 2552 senator
568 2485 602 2551 et
621 2477 727 2551 Eleus
746 2486 780 2551 et
799 2478 993 2552 Sardianus
1012 2486 1156 2554 senator
1170 2483 1296 2555 etPer·

174 2622 271 2693 gaeus
290 2602 432 2671 senator
452 2602 486 2669 et
500 2595 691 2669 Nicaeensis
710 2601 851 2669 senator
875 2602 910 2669 et
929 2597 1079 2671 aliarum
1100 2598 1296 2674 multarum

174 2715 355 2788 civitatum
376 2714 460 2786 civis
478 2719 511 2786 et
531 2718 685 2799 senator,
711 2734 827 2807 praeco
845 2711 900 2785 bis
924 2714 1167 2808 periodonica,
1185 2715 1297 2789 victor

173 2833 210 2904 iu
247 2831 354 2905 sacris
382 2828 635 2903 certaminibus
665 2829 896 2901 oecumenicis
929 2852 1009 2924 quae
1042 2829 1134 2903 inira
1167 2832 1298 2927 scripta

173 2954 257 3018 suut
280 2972 288 3018 ι
312 2946 476 3042 Olympia
501 2945 592 3017 Pisae
613 2943 686 3031 bis;
715 2943 839 3039 Pythia
863 2942 1023 3039 Delphis,
1054 2944 1125 3034 bis;
1150 2949 1294 3038 Nemea,

173 3064 287 3159 Argis,
307 3070 358 3134 ter
370 3089 378 3149 ;
401 3062 560 3148 Isthmia,
584 3066 756 3156 quater.»
776 3063 866 3131 Tum
886 3071 1216 3136 commemorantur
1234 3087 1294 3138 oc·

173 3180 306 3275 togiuta
339 3179 515 3267 victoriae;
547 3176 619 3248 illae
646 3183 730 3248 sunt
752 3175 859 3248 urbes
884 3200 973 3273 quas
988 3179 1102 3252 adiit:
1127 3181 1289 3272 Atheuae,

177 3295 301 3381 Roma,
328 3293 480 3382 Puteoli,
509 3293 685 3389 Neapolis,
705 3292 898 3388 NicopoliS,
919 3293 1130 3390 Epidaurus,
1150 3298 1295 3391 Thehae,

177 3409 362 3499 Lebadea,
389 3409 578 3496 Derrhoea,
609 3407 891 3504 Philippopolis,
923 3408 1155 3504 Byzantium,
1184 3413 1297 3488 Nico-

177 3525 307 3615 media,
329 3526 460 3616 Nicaea,
485 3525 624 3612 Sardes,
646 3523 793 3613 Tralles,
821 3524 995 3618 Ephesus
1023 3530 1186 3623 Smyrna,
1209 3533 1296 3603 Per·

64 3641 69 3651 '
171 3665 331 3738 gamum,
353 3642 511 3736 Cyzicus,
536 3639 690 3728 Miletus,
718 3639 929 3735 Hierapolis
942 3644 1067 3737 Tyrus,
1088 3647 1293 3738 Damascus,

172 3758 295 3846 Sidon,
327 3757 571 3852 Aphrodisias.
604 3760 833 3830 Evanucrunt
862 3758 1133 3853 quatuordecim
1159 3786 1293 3839 uersus.

173 3874 280 3946 Hunc
308 3874 406 3947 vides
435 3880 549 3947 totum
577 3873 699 3947 orbem
730 3873 774 3947 ab
807 3874 902 3948 ltalia
941 3899 1054 3973 usque
1082 3877 1126 3952 ad
1153 3878 1292 3976 Syriam

172 3990 328 4062 victoriis
350 3992 422 4062 suis
438 3990 688 4086 perlustrasse,
708 4013 894 4088 quumque
916 3993 954 4064 in
982 3994 1167 4068 nonnullis
1192 3997 1295 4070 urbi·

172 4103 240 4178 bus
259 4114 386 4203 quater
408 4107 543 4198 vicerit,
569 4114 663 4203 patet
684 4130 767 4180 eum
797 4131 869 4181 uon
892 4108 1002 4181 semel
1033 4115 1130 4185 tanta
1166 4113 1295 4190 itinera

212 4385 255 4467 (l)
276 4387 317 4449 Le
332 4386 392 4448 Bas
407 4393 437 4447 et
453 4385 677 4465 Waddington,
692 4384 785 4446 laser.
801 4384 1069 4467 d'Asie-Mineare,
1086 4391 1163 4454 1652
1179 4389 1205 4454 b.
1290 4361 1292 4364 Ι

213 4480 256 4562 (2)
280 4479 392 4559 Corpus
407 4481 494 4544 inser.
511 4502 569 4561 qr,
586 4484 664 4543 3208
680 4482 823 4556 et17203
841 4482 879 4542 cf.
895 4484 983 4545 1719.
