3248 5296
732 521 893 580 ..57-

256 657 369 726 Aucta
391 651 521 726 deinde
547 650 686 725 ludicra
709 651 956 750 largitionibus
979 653 1110 724 civicum
1135 660 1241 749 atque
1263 656 1370 729 etiarn

257 768 517 866 inquilinorum
541 770 602 863 qui
630 766 727 841 haud
755 770 858 865 pauci
898 769 965 842 lasi
998 767 1240 842 versabantur.
1280 774 1371 843 Usus

256 884 428 981 paulatim
443 882 598 956 obtinuit
612 889 650 956 ut
668 884 878 979 agonotheta
889 891 936 970 et,
949 905 1099 957 numero
1120 884 1269 975 incerto,
1285 885 1372 960 chu-

257 1001 330 1096 ragi
349 1000 440 1072 ciues
462 1005 497 1071 et
514 998 681 1095 inquilini
702 998 941 1095 producerent
960 999 1112 1072 artifices
1132 1023 1286 1095 quorum
1305 1026 1372 1075 nec

257 1130 430 1189 numerus
448 1137 514 1187 nec
528 1137 640 1210 genus
655 1115 919 1210 praescriptum,
932 1113 993 1186 sed
1010 1115 1148 1188 uarium
1162 1115 1372 1190 euoluntate

256 1232 483 1329 largientium
510 1237 570 1304 aut
596 1230 775 1305 artificum
801 1232 915 1327 copia.
937 1229 1108 1303 Additum
1137 1231 1233 1304 aliud
1261 1256 1375 1329 genus

255 1348 527 1436 munificentiae,
549 1346 682 1419 scilicet
699 1355 737 1419 ut
757 1345 983 1421 saltatoribus
1004 1348 1065 1442 qui
1082 1348 1271 1444 gratuitam
1290 1371 1374 1446 cpe-

256 1488 332 1538 ram
359 1464 477 1537 choris
504 1462 667 1536 ciuilibus
689 1461 848 1559 praebere
872 1462 1068 1550 debebant,
1101 1487 1173 1537 una
1203 1464 1374 1539 drachma

256 1582 351 1654 dono
369 1576 514 1653 daretur
527 1576 592 1676 (l),
609 1585 644 1651 et
658 1577 927 1673 spectatoribus,
948 1576 1079 1674 quibus
1097 1578 1265 1653 solvenda
1280 1603 1374 1654 mer-

256 1719 314 1770 ces
327 1700 414 1785 erat,
429 1695 558 1768 theatri
571 1695 678 1790 gratis
692 1692 848 1768 adeundi
861 1692 1009 1767 facultas
1021 1693 1134 1769 fieret.
1151 1698 1265 1781 Quam
1281 1720 1367 1788 non,

256 1821 295 1884 ut
319 1812 481 1901 Athenis,
506 1811 687 1907 liturgiam
711 1811 804 1884 ciues
827 1809 1007 1900 subibant,
1039 1809 1100 1883 sed
1128 1819 1252 1907 sponte
1279 1836 1365 1901 sua;

255 1929 400 2015 etenim,
418 1926 585 2001 nonnulli
605 1927 659 2000 bis
677 1934 738 2001 aut
756 1933 809 2001 ter
825 1933 988 2024 sumptus
1002 1950 1063 2002 eos
1080 1928 1123 2000 de
1138 1951 1202 2002 suo
1217 1928 1366 2016 iaciunt,
1470 1983 1477 1992 .

255 2038 352 2138 quod
373 2065 516 2128 munus,
538 2041 705 2114 siluisset
727 2043 946 2138 impositum,
969 2067 1033 2140 per
1047 2066 1171 2117 omnes
1186 2043 1252 2117 iret
1267 2043 1369 2118 vicis-

255 2159 322 2230 sim
337 2181 402 2231 nec
415 2158 545 2253 saepius
559 2158 604 2231 ad
619 2156 761 2231 eosdem
781 2159 925 2232 rediret.

304 2274 401 2347 Nihil
414 2275 532 2371 igitur,
547 2275 615 2347 nisi
630 2281 755 2370 sponte
769 2298 846 2365 sua,
859 2274 1092 2373 largientibus
1105 2276 1368 2374 magistratibus

255 2399 316 2464 aut
332 2389 483 2478 civibus,
508 2413 651 2465 necesse
669 2390 735 2463 fuit
762 2391 895 2487 inipso
922 2392 1010 2466 sesto
1036 2392 1206 2466 declarari
1231 2417 1310 2491 quan
1330 2395 1367 2466 in

256 2508 460 2603 proximum
475 2529 610 2579 annum
625 2508 929 2603 promitterentur,
950 2515 989 2581 ut
1004 2508 1155 2583 artifices
1174 2509 1367 2583 mandandi

255 2629 396 2718 tempus
415 2629 623 2718 superesset.
642 2623 710 2708 Qui
731 2646 774 2696 ex
792 2625 945 2698 externis
963 2625 1168 2722 regionibus
1185 2625 1288 2698 acciti
1306 2649 1368 2722 per

256 2737 377 2834 plures
407 2737 483 2810 dies
514 2745 576 2811 aut
603 2737 741 2812 fabulas
769 2739 919 2835 agebant
944 2748 1006 2812 aut
1033 2738 1221 2828 canebant,
1254 2763 1366 2837 quum

255 2854 407 2951 quisque
429 2876 555 2927 eurum
575 2855 637 2950 qui
665 2854 733 2926 huc
761 2878 893 2927 munus
918 2863 1146 2952 susceperant
1164 2879 1228 2951 per
1254 2879 1366 2928 unum

255 2978 316 3044 aut
339 2969 430 3044 duos
460 2971 534 3044 dies
561 2970 804 3067 spectaculum
833 2970 1031 3066 largiretur.
1070 2971 1230 3068 Exempli
1261 2994 1367 3045 causa

255 3110 365 3160 unam
379 3086 537 3160 tabulam
558 3086 736 3159 transtuli.

170 3271 175 3278 .
312 3231 327 3268 u
346 3201 639 3298 Stephanephoro
664 3200 839 3297 Apollinis
870 3208 996 3299 quartu
1023 3209 1103 3299 post
1134 3203 1365 3299 Menippum,
1456 3300 1457 3303 Ἴ

255 3319 466 3413 agonotheta
490 3317 694 3392 Moschione
713 3317 955 3413 Antiphontis,
979 3317 1045 3408 illi,
1076 3319 1174 3414 prius
1193 3317 1369 3392 declarata

254 3433 448 3524 voluntate,
467 3434 640 3507 dederunt
656 3458 664 3506 :
679 3433 881 3507 Theaetetus
895 3433 1116 3522 Melanionis,
1130 3434 1192 3529 qui
1206 3433 1274 3506 luit
1287 3456 1370 3530 ago-

256 3550 414 3639 notheta,
436 3549 707 3623 Athenodorum
730 3549 927 3624 Heraclidae
947 3549 1163 3638 comoedum,
1185 3570 1257 3620 una
1285 3548 1367 3640 die;

254 3666 390 3761 accepit
409 3665 539 3738 chorus
560 3664 786 3755 drachmam,
809 3665 1051 3762 spectaculum
1074 3688 1154 3739 uero
1174 3666 1367 3762 gratuitum

255 3783 333 3855 luit.
346 3782 546 3855 Theaetetus
560 3780 786 3872 Melanionis,
803 3782 865 3878 qui
880 3781 946 3855 luit
960 3781 1134 3878 choragus
1139 3835 1213 3872 .....
1231 3804 1369 3854 comce-

253 3901 339 3971 dum
363 3921 434 3970 una
457 3897 530 3985 die;
553 3899 690 3993 accepit
712 3898 843 3971 chorus
867 3896 1095 3986 drachmam,
1125 3896 1367 3993 spectaculum

252 4038 334 4088 vero
348 4014 542 4111 gratuitum
562 4014 641 4088 suit.
663 4044 678 4080 u
705 4016 790 4086 Tres
809 4015 900 4086 cives
919 4022 952 4087 et
967 4037 1061 4086 unus
1076 4013 1290 4111 inquilinus,
1306 4015 1366 4109 qui

253 4132 397 4229 choragi
418 4132 572 4222 luerent,
597 4130 765 4206 eumdem
785 4131 1004 4223 comoedum,
1030 4133 1182 4228 quisque
1201 4156 1275 4205 una
1294 4133 1364 4221 die,

254 4248 510 4343 produxerunt.

294 4487 335 4565 (t)
357 4486 477 4566 Sequor
490 4487 781 4566 interpretationem
793 4502 889 4565 quam
901 4484 987 4546 dedit
999 4484 1224 4563 Waddington,
1241 4503 1273 4564 p.
1289 4486 1337 4547 87.
