3120 5302
696 543 853 602 ..33-

217 679 415 773 patrocinio
432 678 641 774 gloriantur.
659 678 735 748 Jarn
752 674 874 748 omnia
889 673 932 746 ad
948 680 1079 745 coetum
1101 695 1206 744 suurn
1228 673 1334 767 perti·

218 796 340 867 nentia
355 818 427 869 non
447 794 699 870 communibus
714 815 833 865 rernm
848 789 1043 878 vocabulis,
1057 784 1119 862 sed
1138 789 1244 862 sacris
1265 812 1333 884 ap-

218 909 374 1007 pellant;
392 935 464 985 non
483 912 687 1008 collegium,
710 907 771 982 sed
788 931 927 980 sacrum
944 906 1154 1003 collegium
1171 928 1245 979 non
1263 904 1331 991 lex,

219 1025 282 1099 sed
303 1050 402 1101 sacra
421 1027 476 1102 lex
501 1027 644 1114 dieitur3
677 1028 703 1099 si
732 1025 813 1122 quis
842 1023 977 1120 aliquid
1002 1024 1162 1097 muneris
1181 1022 1332 1112 confert,

220 1165 293 1216 non
318 1142 390 1231 dat,
417 1142 477 1217 sed
499 1150 692 1218 consecrat.
714 1145 779 1214 Res
799 1163 942 1237 quoque
962 1162 1045 1212 cum
1066 1139 1226 1213 oratione
1243 1160 1335 1211 con-

220 1267 364 1356 gruunt.
387 1263 502 1333 Suum
525 1261 656 1357 cuique
671 1258 819 1355 collegio
835 1256 1008 1352 templum
1020 1262 1141 1352 τέμενος
1156 1253 1221 1352 (sio
1238 1255 1335 1329 enirn

222 1376 353 1449 dicitur
372 1375 564 1449 aedilicium
591 1376 718 1471 inquo
737 1375 831 1448 coire
850 1372 979 1468 solent)
1000 1375 1071 1469 [l);
1095 1374 1139 1446 ad
1159 1371 1255 1468 quod
1275 1360 1354 1446 or!

221 1494 382 1566 nandum
412 1492 508 1566 lestis
535 1490 660 1565 diebus
682 1491 802 1588 magni
828 1497 991 1585 sumptus
1015 1487 1266 1586 erogabantur.
1299 1492 1339 1560 ln

221 1610 302 1696 hoc,
325 1609 526 1682 communis
540 1607 740 1705 erigebatur
754 1606 932 1680 artificum
948 1629 1020 1694 ara,
1038 1610 1140 1695 ἑστία,
1161 1605 1205 1680 ad
1230 1629 1338 1703 quarn

223 1725 417 1799 solenniter
455 1725 650 1822 agebantur
677 1730 756 1798 vota
786 1731 819 1798 et
852 1722 1039 1796 libationes
1074 1721 1140 1819 (2).
1166 1721 1338 1794 Additum

223 1845 343 1933 sacris,
364 1850 405 1915 ut
422 1865 498 1915 mos
519 1850 583 1932 est,
602 1843 802 1916 convivium
819 1842 856 1913 in
875 1863 958 1937 quo,
977 1847 1164 1936 postquam
1185 1862 1248 1935 per
1265 1862 1340 1912 ma-

223 1959 390 2056 gistratus
406 1958 558 2032 libatum
581 1958 707 2047 luerat,
732 1957 962 2031 remorabatur
985 1955 1158 2029 memoria
1180 1956 1337 2027 virorum

224 2074 352 2169 quide
384 2073 531 2168 collegio
556 2071 647 2146 bene
681 2073 797 2145 meriti
830 2077 930 2145 erant
959 2069 1025 2168 (3).
1051 2072 1122 2143 Nec
1142 2069 1339 2166 quidquam

222 2189 417 2263 artificibus
429 2188 644 2263 laudabilius
659 2190 773 2261 visum
785 2187 851 2260 suit
870 2210 986 2284 neque
1004 2187 1042 2259 in
1056 2185 1205 2260 decretis
1222 2185 1339 2259 ullum

220 2306 354 2403 gratius
369 2311 590 2378 memoratur
604 2303 821 2377 beneficium
841 2326 948 2401 quam
967 2305 1078 2398 pietas
1096 2326 1179 2400 erga
1200 2301 1285 2377 deos
1305 2309 1340 2374 et

220 2423 258 2495 in
288 2423 395 2495 saeris
423 2423 657 2519 procurandis
687 2420 871 2517 diligentia
900 2425 934 2492 et
967 2419 1213 2493 munificentia
1236 2417 1338 2512 (vide

221 2565 257 2636 p.
278 2540 350 2637 35).
372 2541 472 2614 Adeo
488 2539 583 2636 apud
604 2544 744 2612 Graecos
762 2537 889 2611 divinae
905 2537 1051 2634 originis
1066 2537 1240 2611 memoria
1254 2537 1340 2610 huic

220 2656 286 2728 arti
306 2657 449 2752 penitus
467 2656 609 2728 inhaesit
631 2663 669 2727 ut
685 2677 802 2752 neque
817 2654 988 2749 temporis
1009 2654 1255 2741 diuturnitate,
1279 2678 1339 2727 ne·

221 2794 289 2867 que
314 2795 434 2844 rerum
456 2773 650 2845 mutatione
674 2770 861 2845 obliterata
883 2777 1117 2858 evanesceret,
1140 2769 1202 2860 sed
1221 2769 1265 2843 ab
1283 2771 1339 2843 his

223 2888 381 2984 collegiis
397 2895 562 2961 renovata
576 2888 621 2961 ad
631 2888 816 2982 antiquam
827 2886 1039 2983 religionem
1052 2886 1163 2983 magis
1177 2894 1211 2960 et
1227 2887 1338 2982 magis

221 3012 392 3100 spectaret
417 3012 534 3100 atque,
561 3004 743 3076 sanctitate
767 3004 925 3075 numinis
950 3003 1124 3091 auctoris,
1151 3002 1237 3097 ipsae
1266 3024 1334 3090 res,

219 3121 285 3216 ipsi
313 3121 478 3194 homines
506 3126 814 3194 consecrarentur.
846 3123 894 3193 De
919 3143 990 3215 quo
1015 3144 1060 3219 ne
1090 3118 1230 3193 dubites
1251 3119 1336 3194 bina

219 3238 513 3333 Amphictionum
534 3235 675 3311 decreta
694 3235 902 3326 admonent,
924 3260 1038 3333 quum
1054 3237 1108 3311 bis
1119 3237 1212 3313 illud
1233 3262 1337 3313 corn-

219 3377 327 3427 mune
347 3355 492 3428 Graeciae
514 3353 702 3428 consilium
720 3353 871 3427 artifices
886 3379 998 3427 sacros
1011 3355 1176 3451 appellet.

269 3473 451 3568 Praecipua
473 3496 569 3562 sane,
598 3480 634 3545 ut
656 3471 752 3568 apud
777 3473 1003 3568 Dionysiacos
1025 3472 1188 3563 artifices
1208 3475 1336 3546 Bacchi

219 3590 323 3678 festa3
353 3590 452 3662 bunc
477 3603 668 3685 patronum
692 3614 797 3663 sunm
819 3598 853 3665 et
877 3588 1065 3686 praesidem
1102 3599 1330 3687 nuncupant;

219 3707 329 3803 hujus
358 3705 530 3779 sacerdoti
556 3707 749 3802 primarius
766 3708 804 3780 in
827 3705 976 3802 collegio
1001 3705 1121 3798 locus;
1157 3707 1195 3778 in
1223 3707 1334 3806 hujus

219 3825 294 3897 aede
324 3825 550 3920 exponuntur
578 3847 691 3919 quum
722 3823 833 3895 incisa
867 3823 1034 3895 marmori
1069 3822 1220 3912 decreta,
1256 3830 1331 3897 tum

220 3941 323 4036 pictae
344 3946 404 4013 aut
423 3964 533 4013 aeneae
553 3939 820 4013 benefactorum
843 3939 989 4035 effigies.
1015 3942 1055 4010 ln
1081 3939 1189 4036 hujus
1210 3940 1333 4015 hono-

218 4081 308 4150 rem,
334 4065 462 4154 praeter
481 4057 666 4153 Dionysia,
694 4080 775 4152 quae
804 4057 1010 4129 communia
1038 4063 1120 4129 sunt
1152 4059 1330 4150 omnium,

258 4355 298 4435 (l)
322 4354 435 4433 Corpus
444 4353 531 4414 laser.
540 4349 972 4432 qr.,3069,l.3l.-Fouoart,
984 4348 1058 4414 titul.
1068 4351 1332 4434 loquacula-ao.

258 4451 300 4531 (Ξ)
326 4451 506 4524 Athenaeus,
523 4449 561 4523 V,
577 4466 606 4525 p.
623 4449 694 4508 ala.

258 4546 300 4626 (3)
323 4544 436 4624 Corpus
451 4543 538 4603 inam.
554 4560 615 4620 pru,
632 4544 711 4604 3068
725 4542 762 4617 A,
779 4538 800 4600 l.
817 4541 871 4616 2l;
888 4542 966 4602 3068
981 4541 1015 4617 B,
1032 4538 1055 4602 l.
1073 4545 1119 4605 lb.

1175 4640 1193 4699 3
