3120 5302
800 529 957 585 ,66-

370 661 511 735 liutici.
540 660 647 731 Primi
672 681 715 732 ex
739 660 789 731 eis
816 660 963 733 inscribi
993 660 1106 734 solent
1139 663 1320 759 rhapsodi,
1347 663 1441 736 anti-

320 775 533 872 quissimum
548 799 683 872 geuus;
702 775 830 850 deiude
847 776 1033 851 citharaedi
1060 786 1095 852 et
1118 779 1324 870 citharistae,
1353 804 1441 876 quo·

320 917 401 966 rum
420 892 458 965 hi
483 891 558 964 siue
582 914 678 979 voce,
705 891 759 963 illi
785 917 868 966 cum
893 901 1001 967 cantu
1028 895 1200 969 citharam
1231 896 1436 992 pulsabant.

319 1010 514 1085 Citharoedi
535 1033 619 1083 eum
642 1008 774 1082 fidibus
790 1033 910 1083 versus
928 1010 1141 1108 plerumque
1157 1011 1439 1108 dithyrambicos

318 1127 512 1215 canebant3
537 1127 709 1200 Arionem
725 1133 916 1201 auctorest
932 1128 1131 1202 Herodotus
1147 1130 1307 1225 primum
1325 1130 1440 1227 dithy-

318 1243 484 1318 rambum
505 1243 745 1340 composuisse
764 1253 797 1317 et
828 1244 989 1317 Corinthi
1017 1245 1186 1319 cecinisse
1214 1244 1258 1344 (l,
1286 1245 1376 1346 23);
1404 1255 1439 1322 et

316 1360 448 1434 multos
473 1383 616 1456 quoque
639 1384 702 1433 sua
733 1360 893 1433 carmina
915 1385 998 1434 eum
1023 1361 1158 1436 cithara
1175 1363 1329 1436 edidisse
1353 1388 1438 1461 pro-

315 1475 433 1550 babile
449 1483 513 1551 est.
534 1476 604 1551 Sed
622 1477 738 1550 aliena
753 1500 894 1573 quoque
910 1478 947 1548 in
966 1479 1161 1553 certamine
1181 1481 1260 1554 cani
1281 1482 1438 1578 potuisse

315 1594 398 1667 satis
413 1595 633 1667 demonstrat
651 1593 740 1689 lapis
757 1594 876 1682 Teius,
896 1594 933 1666 in
956 1618 1028 1691 quo
1049 1594 1202 1670 discreta
1217 1598 1256 1670 fit
1272 1603 1389 1694 poetae
1403 1603 1438 1671 et

315 1712 443 1786 musici
477 1713 638 1784 mentio:
658 1710 876 1784 «Sacerdote
901 1709 1048 1808 (scilieet
1078 1710 1270 1811 artificum)
1302 1713 1438 1786 Deme-

314 1831 394 1917 trio,
423 1827 638 1926 agonotheta
657 1850 740 1900 vero
761 1832 795 1899 et
814 1827 994 1900 sacerdote
1020 1828 1090 1918 [dei
1111 1829 1283 1902 Eumenis
1289 1885 1367 1903 .....
1385 1829 1438 1903 illi

312 1947 472 2021 vicerunt
493 1946 531 2017 in
556 1945 763 2037 certamine]
777 1945 890 2039 posito
915 1945 953 2017 in
976 1945 1154 2018 honorem
1167 1946 1275 2021 Attali
1291 1971 1299 2019 :
1315 1947 1437 2043 bithy-

313 2064 459 2153 rambis,
475 2062 673 2136 Nicarehus
686 2062 931 2137 Hermonactis
945 2065 1196 2158 Pergamenus,
1211 2066 1436 2162 Proserpinae

313 2180 358 2254 ad
389 2181 562 2254 citharam
591 2178 739 2253 canebat
766 2179 968 2252 Demetrius
972 2232 1044 2252 .....
1072 2180 1301 2255 Phocaeensis
1331 2179 1431 2280 (1).»

313 2298 429 2371 Licuit
456 2297 562 2371 etiam
592 2319 714 2369 versus
742 2295 880 2392 antiqui
904 2302 1018 2392 poetae
1041 2303 1214 2393 repetere.
1245 2299 1356 2396 Cujus
1386 2299 1437 2372 rei

313 2418 397 2492 satis
431 2413 553 2487 nobile
589 2412 792 2509 exemplum
825 2412 1050 2486 tradiderunt
1083 2416 1284 2511 scriptores.
1316 2419 1436 2501 Quum

314 2531 581 2628 Philopoemen,
613 2530 729 2602 occiso
756 2528 988 2619 Machanida,
1022 2532 1237 2605 Nemeorum
1264 2531 1437 2606 ludorum

313 2655 474 2746 tempore
494 2646 638 2732 rediret,
657 2646 835 2719 theatrum
853 2646 1032 2742 ingressus
1054 2653 1106 2720 est
1125 2655 1203 2720 tum
1223 2673 1336 2744 quum
1352 2674 1437 2725 eer-

312 2772 434 2840 tamen
449 2762 635 2838 citharoedi
658 2760 889 2858 incipiebant.
910 2766 1071 2838 Fortasse
1090 2763 1240 2861 Pylades
1260 2764 1436 2842 citharoe-

315 2885 381 2958 dus
400 2881 577 2956 Timothei
597 2880 722 2953 Persas
738 2903 869 2954 canens
886 2880 1065 2954 inchoavit
1082 2905 1090 2953 :

475 3043 534 3117 Oui
555 3041 709 3104 libertatis
723 3039 819 3101 decus
834 3039 928 3101 affers
941 3039 1047 3101 nobile
1069 3041 1182 3102 Graiis.

364 3218 479 3300 Quem
491 3234 631 3285 versum
646 3209 795 3306 arripuit
811 3214 904 3281 totus
918 3232 1118 3298 consessus,
1133 3210 1178 3283 ad
1195 3209 1435 3309 Philopoeme-

316 3354 412 3418 nem,
438 3329 595 3425 repetitis
611 3325 806 3424 plausibus,
834 3349 1022 3400 conversus
1039 3324 1104 3424 (2).
1129 3329 1179 3399 Ex
1204 3327 1274 3418 his,
1298 3337 1435 3405 constat

316 3443 503 3521 citharoedi
519 3444 625 3518 fuisse
641 3445 685 3517 ad
700 3441 872 3515 citharam
889 3466 1016 3516 canere
1031 3466 1113 3515 suos
1129 3443 1182 3516 vel
1198 3443 1337 3520 alienos
1351 3472 1434 3522 ver-

316 3588 389 3655 sus,
408 3563 488 3637 novi
507 3569 568 3635 aut
586 3559 711 3634 veteris
726 3566 853 3654 poetae,
871 3559 1084 3654 plerumque
1100 3558 1383 3656 dithyrambum.

365 3684 504 3766 Quanto
521 3676 626 3750 fuerit
641 3676 778 3749 honore
793 3675 830 3748 id
848 3697 939 3771 opus
952 3681 1100 3749 testatur
1119 3676 1265 3751 Cicero:
1286 3709 1304 3745 α
1322 3682 1433 3754 Sum-

316 3820 413 3871 mam
438 3794 676 3869 eruditionem
701 3791 813 3864 Graeei
834 3791 937 3864 sitam
964 3791 1156 3865 censebant
1179 3793 1217 3866 in
1241 3817 1432 3872 nervorum

315 3936 515 4009 vocumque
545 3907 708 3984 cantibus
736 3932 744 3980 :
772 3907 881 4004 igitur
910 3914 945 3980 et
976 3910 1240 4004 Epaminondas
1266 3915 1433 4013 princeps

315 4054 396 4104 meo
410 4027 546 4126 judicio
564 4025 709 4100 Graeciae
738 4024 868 4097 fidibus
890 4025 1060 4121 praeclare
1087 4028 1257 4104 cecinisse
1285 4029 1429 4124 dieitur,

314 4260 370 4343 qui
392 4260 433 4322 sit
453 4253 621 4338 pythaules
634 4254 736 4314 bouus
753 4251 934 4332 judicatur3
950 4253 1046 4315 habet
1060 4253 1175 4318 tubicen
1200 4255 1294 4338 (male
1316 4259 1431 4342 tibicen)

313 4371 438 4436 quoque
454 4368 575 4431 graeeus
587 4355 619 4410 et
636 4366 739 4428 praeco
750 4366 946 4409 coneursum.
963 4372 977 4404 ³>
994 4349 1143 4427 Epistola,
1159 4354 1209 4426 86,
1225 4356 1256 4414 3.

352 4448 395 4529 (l)
415 4449 458 4508 Le
472 4447 532 4506 Bas
544 4448 576 4504 et
590 4441 816 4519 Waddingtou,
829 4441 923 4502 Inscr.
939 4439 1200 4520 d'Ase'e-Mineure,
1217 4449 1270 4509 93.

351 4545 392 4624 (2)
413 4538 589 4615 Plutarch„
602 4535 788 4615 Philopator„
809 4538 839 4597 ll
855 4556 863 4612 ;
880 4537 1028 4614 Pansam,
1045 4539 1125 4614 Vlll,
1143 4557 1170 4617 n,
1186 4543 1216 4602 3.
