3120 5302
701 536 858 594 ...23-.

220 667 257 739 iu
280 667 404 762 primis
423 667 610 741 commissa
640 667 757 741 mrarii
776 689 862 740 cura
886 670 921 737 et
941 659 1125 759 quaerendi
1151 658 1338 755 diligenter

220 783 355 855 reditus
371 781 435 879 (1).
455 784 548 855 Η116
561 791 594 856 61
612 792 774 880 sumptus
787 783 831 856 ad
847 777 1079 855 celebrandos
1094 778 1168 851 dies
1182 776 1290 849 festos
1303 785 1338 848 et

217 898 418 994 peragenda
432 921 543 988 sacra,
560 923 640 996 quae
656 923 698 973 ex
716 899 893 972 artificum
905 896 1054 971 decretis
1067 900 1128 967 aut
1140 892 1336 966 secundum

216 1013 378 1085 instituta
414 1012 591 1108 majorum
622 1013 700 1086 fieri
732 1012 929 1098 debebant,
960 1009 1116 1083 curatori
1153 1007 1336 1104 praebendi

220 1135 320 1201 erant
333 1156 342 1216 ;
364 1151 431 1201 nec
445 1129 566 1201 minus
582 1129 764 1225 largienda
779 1127 975 1201 artificibus
987 1149 1030 1198 ex
1044 1125 1169 1198 aerario
1184 1123 1222 1195 in
1236 1122 1339 1197 binos

220 1242 294 1317 dies
312 1243 476 1319 solennes
495 1245 692 1318 secundum
713 1244 826 1340 legem
846 1242 998 1339 pecunia
1015 1238 1080 1340 (1)

269 1361 363 1445 Quin
381 1363 501 1450 etiam,
523 1361 648 1436 saltem
664 1360 760 1458 apud
775 1360 1023 1446 Athenienses,
1047 1365 1188 1432 curator
1202 1363 1337 1453 partem

223 1499 406 1551 sacrorum
419 1479 630 1575 attingebat-3
650 1479 782 1575 quippe
796 1478 970 1563 Philemo,
984 1475 1162 1549 artificum
1175 1474 1333 1557 nomine,

222 1593 259 1665 in
272 1591 453 1668 Eleusinio
469 1595 617 1689 templo,
634 1617 733 1667 sacra
752 1592 894 1666 Deabus
909 1591 1043 1689 peregit
1064 1588 1157 1688 (vide
1173 1614 1209 1686 p.
1233 1590 1306 1686 35).

270 1713 354 1784 Haec
365 1713 537 1785 curatoris
549 1711 728 1785 ordinaria
743 1712 866 1783 munia
874 1737 883 1798 ;
897 1709 959 1782 illa
972 1731 1052 1781 vero
1063 1716 1160 1780 extra
1175 1705 1338 1781 ordinem

220 1826 325 1899 etde
357 1827 498 1924 collegii
525 1827 719 1917 sententia,
749 1825 988 1924 superaddita.
1019 1829 1137 1911 Quum
1163 1824 1272 1896 altare
1304 1832 1338 1896 et

221 1945 397 2041 templum
408 1947 585 2020 artificum
597 1948 778 2021 calamitas
792 1955 992 2043 temporum
1003 1945 1193 2035 evertisset,
1207 1941 1339 2015 scenici

220 2060 438 2138 Philemonis
451 2062 636 2160 diligentia
647 2073 681 2138 et
694 2065 810 2137 studio
822 2063 997 2150 delectati,
1014 2085 1098 2134 eum
1111 2060 1339 2134 vehementer

220 2177 456 2253 invitaverunt
471 2187 505 2252 et
521 2180 746 2253 adduxeruut
759 2187 799 2252 ut
811 2180 967 2276 jacentia
986 2179 1153 2251 excitaret
1171 2175 1236 2274 (3).

270 2298 311 2368 ln
327 2294 383 2367 his
395 2296 564 2370 omnibus
582 2321 655 2372 1ο1
667 2297 785 2370 solum
799 2296 890 2370 bene
908 2304 943 2371 et
957 2296 1165 2369 innocenter
1179 2318 1215 2368 se
1232 2293 1338 2391 gessit

223 2411 404 2502 Philemo,
428 2400 615 2486 sedetiam
644 2413 835 2503 marium,
857 2419 1047 2508 postquam
1074 2411 1242 2487 omnibus
1268 2411 1338 2482 im-

222 2527 342 2623 pensis
360 2550 424 2623 par
442 2527 629 2617 effecisset,
649 2529 761 2603 multa
779 2529 932 2624 pecunia
949 2534 1089 2601 auctum
1105 2527 1249 2602 tradidit
1268 2524 1281 2624 (
1308 2525 1335 2623 ).

222 2645 295 2716 1166
317 2644 433 2740 impar
463 2641 653 2740 diligentiae
676 2645 741 2717 1111
772 2644 1019 2717 munificentia
1045 2643 1124 2716 11111.
1155 2644 1213 2715 Bis
1239 2642 1338 2715 enim

221 2757 367 2846 hostias,
397 2768 587 2856 apparatus
612 2767 646 2833 et
673 2768 807 2834 ceteros
832 2767 995 2856 sumptus
1022 2762 1097 2857 ipse
1121 2759 1216 2832 ultro
1246 2782 1338 2855 prae-

223 2874 299 2948 buit
314 2875 366 2975 (5)
381 2883 488 2972 atque
501 2877 639 2950 sodales
650 2878 694 2951 de
704 2901 782 2965 suo,
799 2876 955 2951 duorum
969 2878 1109 2950 dierum
1120 2877 1246 2971 spatio,
1264 2898 1339 2947 ma-

220 2992 348 3087 gnifice
371 2993 509 3089 excepit
523 2992 590 3090 (6).
614 2995 701 3080 Quae
719 2993 912 3067 liberalitas
927 2991 1015 3066 adeo
1034 2990 1229 3065 artificibus
1240 2998 1339 3087 grata

222 3108 290 3181 fuir
306 3116 343 3180 ut
355 3108 625 3197 Philemonem,
640 3111 713 3206 jam
729 3115 781 3184 ter
802 3111 1006 3206 magistratu
1027 3107 1209 3197 iunctum,
1231 3107 1338 3181 etiam

221 3230 387 3321 quartum
401 3225 579 3321 suscipere
592 3233 773 3324 cogerent,
789 3226 852 3298 viri
866 3225 1048 3300 modestiae
1063 3225 1133 3298 vim
1148 3223 1338 3298 inferentes

221 3342 326 3414 simul
345 3348 379 3414 et
393 3340 584 3440 pecuniae(
613 3341 638 3439 ).
770 3384 771 3387 =

266 3461 312 3530 Ut
338 3459 445 3531 Attici
468 3459 661 3546 curatoris,
684 3459 840 3534 laudatio
872 3460 1110 3548 Philemonis,
1145 3461 1193 3532 ita
1218 3459 1335 3556 Argivi

222 3574 407 3668 quaestoris
420 3596 568 3661 munus,
585 3574 731 3648 solenne
748 3575 924 3649 artificum
938 3599 981 3648 ex
993 3577 1127 3648 Isthmo
1140 3580 1176 3647 et
1188 3578 1334 3665 Nemea,

221 3690 282 3784 qui
314 3690 416 3786 Argis
439 3690 772 3783 commorabantur,
803 3693 985 3766 decretum
1009 3690 1209 3765 illustrarit.
1232 3687 1335 3775 Quod

220 3827 351 3879 munus
371 3807 705 3881 maximi-momenti
723 3808 831 3881 luisse
848 3808 903 3880 rel
919 3831 966 3880 ex
982 3830 1024 3881 eo
1042 3807 1270 3904 perspicuum
1283 3811 1335 3879 est

218 3921 313 4016 quod
327 3921 412 3994 huic
428 3922 649 4018 magistratui
663 3924 780 3996 virum
795 3923 1046 4020 praefecerunt,
1060 3924 1135 4020 jam
1150 3945 1171 3996 a
1185 3922 1335 4019 pueritia

259 4154 299 4236 (1)
322 4157 374 4217 Fr.
389 4156 591 4230 Lenormant,
608 4154 785 4216 Ilecbercbes
799 4154 818 4239 d
832 4137 959 4233 Eleusis,
975 4160 1026 4234 26,
1041 4156 1063 4219 1.
1079 4158 1181 4218 25-26.

256 4247 299 4330 (1)
319 4247 441 4324 Ibidem,
454 4249 477 4309 1.
492 4251 528 4309 17
542 4254 573 4309 61
586 4251 636 4310 39.
705 4304 707 4311 ,

258 4342 299 4420 (3)
320 4340 443 4415 Ibidem,
460 4339 483 4403 l.
498 4344 708 4414 11111117.

256 4434 299 4515 (1)
322 4433 442 4511 Ibidem,
456 4435 478 4496 1.
495 4437 599 4497 29-31.
610 4469 650 4480 -
661 4434 704 4517 (5)
720 4433 840 4512 Ibidem,
854 4435 877 4496 l.
894 4439 1040 4499 116137.

258 4526 298 4609 (6)
323 4528 444 4604 Ibidem,
460 4529 483 4590 l.
505 4532 541 4590 16
557 4529 649 4590 6138.
664 4528 756 4610 -(·1)
772 4527 894 4606 Ibidem,
909 4531 931 4593 l.
948 4532 999 4592 33.
