3120 5302
694 539 853 598 -ca-
963 521 966 527 '

218 671 314 745 mina
340 671 415 745 sola
440 693 564 744 eorum
586 671 646 766 qui
678 672 833 743 vicerant
865 671 1033 743 marmori
1067 667 1327 742 incidebantur.

218 791 378 872 Quorum
399 788 636 860 certaminum
652 794 885 861 monumenta
899 794 1036 861 exstant
1050 791 1132 860 ante
1144 808 1330 858 romanam

218 910 375 991 aetatem,
399 904 460 977 illa
478 910 560 977 sunt
579 929 586 976 :
607 904 836 1000 Amphiaraia
860 905 982 1000 Oropi,
1003 903 1137 979 Museia
1155 901 1328 998 Thespiis,

210 1020 413 1095 .Gharitesia
429 1028 463 1094 et
482 1020 671 1094 Homoloia
690 1021 920 1095 Orchomeni.

736 1361 815 1436 Vll.

221 1626 428 1702 Quomodo
449 1629 581 1683 artem
601 1628 804 1682 ludicram
826 1627 987 1700 mustei,
1015 1629 1160 1698 poetae,
1182 1629 1340 1684 actem

641 1721 922 1783 exercuerint!

270 1967 425 2053 Quaesito
453 1987 523 2062 qua
547 1967 682 2039 ratione
701 1965 879 2039 artificum
899 1965 1048 2063 collegia
1070 1966 1271 2041 civitatibus
1292 1967 1336 2041 ad

221 2082 436 2178 peragendos
451 2080 555 2153 ludos
570 2104 715 2177 operam
734 2080 948 2176 praeberent,
961 2081 1071 2155 altera
1090 2083 1239 2178 quaestic
1259 2083 1339 2155 ori-

222 2206 280 2270 tur
294 2224 301 2271 :
316 2222 386 2294 quc
401 2197 506 2270 modo
520 2198 673 2270 musicas
688 2207 779 2271 artes
790 2199 920 2271 scenici
930 2196 1262 2295 exercuerint,quid
1275 2198 1340 2271 lit-

223 2317 320 2405 teris,
342 2316 429 2411 quid
443 2316 581 2388 theatro
599 2314 757 2387 attulerit
771 2321 832 2387 aut
850 2314 1035 2388 abstulerit
1049 2339 1090 2398 ea
1107 2314 1340 2412 collegiorum

223 2434 411 2506 institutio
439 2432 541 2517 Quod
563 2456 606 2504 ex
624 2432 708 2528 ipsis
728 2431 904 2505 artificum
923 2426 1166 2506 monumentis
1186 2438 1219 2504 et
1237 2432 1342 2507 ludo-

222 2574 303 2622 rum
324 2548 454 2621 tabulis
469 2548 695 2645 aliquatenus
714 2550 865 2646 perspici
886 2556 1014 2646 potest.

272 2670 430 2751 Quarum
450 2665 579 2736 artium
598 2667 791 2739 certamina
806 2668 994 2740 commissa
1014 2666 1161 2758 fuerint,
1184 2669 1287 2742 tertio
1307 2673 1343 2741 et
1430 2750 1432 2752 ,

224 2783 379 2857 secundo
399 2787 480 2854 ante
500 2788 640 2855 aetatem
654 2791 810 2856 nostram
827 2784 971 2875 saeculo,
995 2785 1123 2858 docent
1141 2809 1192 2858 eae
1210 2784 1342 2858 tabulae

224 2924 311 2997 quas
326 2900 433 2997 paulo
449 2924 556 2996 supra
573 2900 764 2973 memoravi
778 2926 787 2988 ;
806 2900 999 2973 nonnullas
1013 2898 1174 2997 ejusdem
1187 2901 1339 2996 generis,

225 3018 283 3090 sed
299 3024 400 3091 atate
418 3019 657 3090 Romanorum
671 3017 872 3112 inscriptas,
885 3018 922 3089 in
935 3017 1042 3090 aliam
1057 3024 1193 3113 partem
1206 3017 1340 3091 distuli.

272 3135 459 3208 Praecones
481 3143 515 3208 et
540 3133 729 3226 tubicines,
751 3134 813 3229 qui
836 3134 993 3230 primum
1013 3133 1131 3208 locum
1157 3134 1195 3205 in
1215 3133 1345 3207 tabulis

224 3250 383 3325 obtinere
407 3254 533 3342 solent,
561 3251 718 3348 collegiis
745 3251 968 3324 scenicorum
994 3274 1067 3323 non
1091 3249 1343 3324 adscribendos

225 3376 323 3464 puto,
346 3393 464 3467 neque
480 3370 692 3465 cujusquam
712 3367 829 3441 adhuc
845 3367 882 3440 iu
897 3366 973 3441 ullo
993 3373 1227 3441 monumento
1242 3391 1344 3441 men-

204 3496 205 3499 ’
226 3484 274 3556 tio
293 3491 432 3579 reperta
447 3490 509 3556 est.
531 3487 570 3555 ln
592 3483 734 3557 Soteriis
752 3482 846 3555 ludis
865 3485 940 3579 qui,
963 3484 1039 3556 sine
1058 3483 1262 3570 certamine,
1281 3505 1344 3579 per

227 3625 340 3673 unum
361 3601 554 3697 collegium
578 3599 851 3697 peragebantur,
872 3598 996 3672 nullus
1012 3605 1064 3672 est
1086 3622 1201 3695 praee
1227 3622 1344 3696 neque

226 3715 385 3790 tubicen.
417 3715 582 3791 Ceterum
608 3740 733 3790 eorum
762 3717 947 3790 industriae
967 3716 1085 3812 potius
1103 3715 1168 3787 luit
1187 3715 1286 3789 locus
1306 3715 1343 3788 iu

226 3833 438 3907 exercitibus
466 3835 563 3907 etin
592 3833 842 3923 concionibus,
868 3839 903 3906 et
929 3832 1112 3928 probabile
1140 3840 1192 3904 est
1221 3856 1279 3925 eos
1307 3831 1344 3905 in

227 3949 376 4046 singulis
398 3950 598 4024 civitatibus
623 3951 818 4023 ministerio
843 3972 906 4022 suo
932 3949 1031 4046 iungi
1062 3948 1175 4021 solere
1202 3956 1235 4022 et
1261 3948 1344 4021 inde

227 4065 421 4164 aliquando
439 4067 483 4142 ad
498 4067 691 4140 certamina
710 4065 853 4162 prodire
877 4064 889 4165 (
916 4064 943 4164 ).

271 4271 309 4354 (l)
334 4274 438 4345 Quum
454 4289 557 4352 praeeo
570 4276 602 4333 et
614 4269 742 4333 tubicen
754 4268 848 4332 simul
859 4271 1063 4332 nominentur
1074 4269 1227 4348 incitatis,
1237 4269 1348 4334 leviter

230 4368 445 4429 emendandus
468 4364 547 4427 mihi
568 4367 692 4428 videtur
715 4365 768 4426 ille
790 4365 877 4426 loeus
901 4367 1028 4427 Senecae
1045 4387 1052 4426 :
1070 4390 1083 4424 (ι
1100 4369 1219 4429 Praeter
1243 4367 1346 4446 ipsum

229 4464 388 4524 theatrum
401 4451 687 4541 Neapolitanorum,
705 4466 741 4522 ut
754 4461 823 4532 scia,
840 4462 1067 4522 transeundum
1081 4466 1136 4533 est,
1148 4461 1348 4524 Metronactis

229 4557 410 4634 petentibus
425 4556 564 4618 domum.
580 4554 662 4618 lllud
676 4555 803 4636 quidem
817 4554 953 4618 farctum
967 4560 1031 4633 est;
1048 4560 1079 4618 et
1092 4556 1215 4636 ingenti
1229 4555 1344 4627 studio,

1171 4671 1189 4730 ὅ
