3120 5302
848 497 1009 556 ...62-

372 635 455 710 linis
473 639 507 708 et
522 632 667 705 Graeciae
692 629 922 704 imminentes
944 653 1110 727 prospere
1130 636 1349 728 pugnassent
1368 631 1436 731 (t),
1457 640 1491 705 et

374 774 451 837 nos,
475 751 602 823 codem
622 770 717 821 anno
740 744 877 842 (1860),
901 746 995 819 circa
1018 745 1141 842 templi
1171 748 1311 835 rudera,
1334 755 1491 844 quatuor

375 865 514 941 tabulas
541 863 761 941 Soteriorum
796 861 969 934 eruimus.
1001 865 1159 947 Quarum
1183 863 1489 938 conficiendarum

376 983 464 1057 ratio
494 1004 639 1077 prorsus
665 1001 775 1067 nova,
811 979 844 1049 in
875 980 1001 1052 ceteris
1029 977 1189 1075 ejusdem
1212 981 1353 1076 generis
1379 981 1491 1056 titulis

375 1095 536 1172 nondum
552 1096 719 1171 occurrit.
736 1094 952 1190 Praescriptis
964 1095 1073 1183 enim,
1093 1101 1132 1169 ut
1147 1096 1224 1169 lieri
1237 1095 1324 1171 solet
1341 1096 1388 1171 ad
1404 1105 1491 1172 tem·

374 1240 442 1312 pus
460 1212 725 1301 definiendum,
748 1211 917 1284 archonte
937 1210 1122 1307 Delphico,
1147 1212 1293 1308 insuper
1310 1213 1490 1288 artificum

376 1323 555 1404 Sacerdote
579 1341 614 1400 et
636 1325 1003 1413 hieromnemonihus,
1028 1327 1172 1400 additur
1189 1352 1197 1400 :
1215 1328 1268 1400 r'llr'
1285 1340 1493 1402 certaverant

376 1448 412 1518 in
427 1444 610 1518 certamine
623 1443 848 1528 Soteriorrnn,
866 1465 979 1538 quum
993 1442 1030 1513 in
1045 1441 1123 1516 aliis
1138 1466 1280 1539 semper
1296 1443 1488 1519 scribatur:

376 1562 430 1635 tllr'
446 1563 611 1634 vicerunt.
629 1563 752 1656 Neque
768 1559 864 1632 enim
883 1582 1007 1631 corum
1023 1560 1086 1655 qui
1102 1559 1263 1632 uicerunt
1285 1561 1325 1633 tit
1344 1561 1489 1649 mentio,

376 1701 497 1774 neque
525 1677 672 1750 victores
699 1698 816 1772 neque
840 1675 922 1748 victi
951 1681 1136 1771 apparent,
1169 1675 1230 1749 sed
1262 1683 1492 1751 recensentur

376 1793 585 1869 nominatim
612 1792 820 1889 quicunque
844 1790 947 1864 ludos
974 1791 1180 1888 attigerunt,
1207 1791 1335 1866 eodem
1355 1792 1431 1868 sere
1456 1795 1492 1866 in

375 1920 527 2008 quatuor
546 1908 676 1983 tabulis
695 1908 819 1982 ordine
836 1931 844 1980 :
862 1907 1042 2003 rhapsodi,
1064 1908 1269 1999 citharista,
1287 1909 1490 1997 citharoedi,

376 2025 551 2114 tibicines,
567 2025 727 2120 quamvis
745 2023 937 2120 aliquando
957 2047 1050 2096 unus
1070 2024 1114 2095 sit
1129 2024 1311 2098 citharista
1327 2031 1392 2098 aut
1405 2023 1493 2099 tibi-

377 2167 462 2231 cen;
485 2141 569 2215 dein
589 2141 769 2215 choreutae
791 2139 960 2226 uniuersi,
981 2160 1094 2234 quum
1115 2139 1218 2235 pueri
1232 2147 1310 2232 tum
1325 2139 1405 2229 viri,
1428 2164 1494 2215 nu·

378 2282 477 2333 mero
492 2258 601 2348 vario,
619 2277 880 2352 nonnunquam
896 2278 979 2327 cum
1002 2253 1075 2327 suis
1094 2255 1268 2351 magistris
1282 2261 1318 2330 et
1330 2255 1496 2331 tibicini-

379 2374 444 2450 bus
453 2401 463 2463 ;
483 2380 604 2471 postea
617 2372 702 2458 duo,
717 2380 789 2446 tres
801 2379 861 2444 aut
879 2378 1032 2468 quatuor
1044 2393 1165 2468 greges
1181 2372 1304 2468 tragici
1317 2380 1352 2445 et
1367 2373 1494 2448 comici

379 2492 441 2590 qui
462 2497 623 2567 constare
635 2489 751 2563 solent
764 2512 807 2562 ex
826 2487 1005 2562 actoribus
1023 2487 1236 2583 primarum,
1253 2489 1493 2564 secundarum

380 2614 414 2683 et
443 2607 627 2682 tertiarum
657 2605 1022 2701 partium‚·magistro
1055 2611 1089 2678 et
1122 2603 1283 2693 tibicine;
1313 2612 1495 2701 postremo

380 2725 561 2800 choreutae
584 2723 725 2797 comici.
750 2721 879 2794 Nullus
899 2743 980 2794 vero
999 2719 1166 2794 scribitur
1192 2725 1336 2793 ἐπινίκιον
1353 2722 1493 2812 uicisse,

380 2842 476 2939 quod
490 2842 528 2914 iu
543 2838 635 2914 veris
647 2836 904 2912 certaminibus
919 2861 992 2912 non
1008 2836 1119 2912 deest.
1141 2841 1181 2910 ln
1200 2837 1272 2911 tine
1286 2838 1409 2929 etiam,
1423 2862 1494 2936 quo

379 2960 490 3056 magis
502 2959 542 3030 fit
556 2956 783 3054 perspicuum
801 2977 918 3051 neque
932 2954 1048 3027 ullum
1066 2953 1297 3028 commissum
1312 2960 1493 3029 certamen

379 3098 494 3172 neque
518 3073 561 3147 ab
581 3072 656 3145 ullo
680 3072 790 3144 relata
818 3070 925 3143 fuisse
949 3070 1109 3166 praemia,
1134 3071 1367 3142 nominantur
1385 3069 1412 3141 ii
1433 3069 1494 3166 qui

379 3198 488 3264 vestes
502 3189 722 3262 locauerunt.
750 3187 851 3259 Adde
871 3186 967 3283 quod
984 3186 1105 3283 plures
1120 3185 1175 3259 his
1193 3192 1254 3259 aut
1268 3192 1323 3258 ter
1337 3185 1391 3259 vel
1407 3208 1494 3282 qua-

381 3314 435 3379 ter
453 3306 608 3380 Soterios
634 3305 736 3378 ludos
757 3301 935 3392 adierunt,
962 3326 1116 3400 quorum
1142 3301 1311 3376 nonnulli
1339 3303 1435 3376 inter
1458 3325 1494 3376 se

381 3422 589 3518 cognatione
608 3421 822 3517 junguntur.
846 3417 948 3491 Unde
964 3419 1046 3492 satis
1070 3424 1206 3491 constat
1232 3441 1272 3492 ea
1299 3416 1494 3492 certamina

380 3561 576 3634 perunum
597 3536 788 3632 collegium
809 3541 950 3630 peracta
968 3540 1015 3621 et,
1033 3533 1070 3605 in
1096 3533 1224 3607 tabulis
1246 3532 1491 3622 conficiendis,

380 3653 531 3726 artifices
551 3676 623 3726 non
640 3651 793 3724 victoriae
810 3672 883 3722 suae
903 3649 964 3722 sed
978 3649 1117 3745 pietatis
1136 3673 1219 3746 erga
1233 3649 1318 3722 deos
1335 3649 1494 3724 testimo·

383 3771 499 3859 nium,
517 3766 713 3865 parietibus
735 3765 860 3861 templi
879 3765 989 3839 incidi
1007 3765 1195 3853 curavisse,
1218 3767 1255 3839 i11
1275 3789 1361 3862 quo,
1383 3789 1494 3862 quum

378 3908 507 3959 ornnes
531 3885 659 3980 pariter
684 3905 828 3978 operam
855 3887 893 3954 ut
917 3879 1036 3954 debita
1058 3903 1157 3954 sacra
1186 3880 1253 3954 diis
1277 3880 1496 3955 solverentur

383 4000 630 4097 praebuissent,
651 3998 814 4073 omnium
835 3997 980 4070 nomina
1000 3995 1075 4092 pari
1086 3995 1168 4091 jure
1188 3997 1358 4092 inscripta
1377 3996 1496 4069 fuisse.

425 4094 497 4191 'Per
514 4115 609 4212 quod
629 4113 818 4211 collegium
840 4112 865 4184 ii
884 4111 961 4184 ludi
983 4113 1115 4208 peracti
1135 4111 1269 4185 fuerint
1283 4135 1355 4185 non
1369 4111 1493 4208 liquet.

427 4403 468 4483 (t)
491 4398 738 4474 Koumanoudis‚
755 4397 960 4478 inscriptiones
974 4396 1101 4472 rneditcr,
1117 4400 1167 4458 75.
1184 4395 1319 4473 Artena,
1335 4397 1426 4462 1860.

430 4501 470 4578 ld)
493 4496 695 4576 Inscriptions
708 4493 840 4554 iuc'dites
854 4492 893 4553 de
906 4491 1050 4570 DelpheS,
1065 4495 1095 4567 3,
1111 4496 1141 4565 le,
1159 4495 1189 4568 a,
1205 4494 1236 4552 6.
