3120 5302
720 558 878 617 ..43-

239 714 346 789 quarn
367 690 410 763 de
428 692 610 764 vacatione
629 689 781 783 militiae,
800 699 970 786 tanquam
988 690 1033 764 ad
1055 691 1249 788 perniciem
1272 695 1357 768 civi-

238 809 318 882 tatis
333 807 587 894 redundantes,
605 830 788 904 aggressus
807 808 851 880 sit
870 807 1046 903 (otpolt,
1066 811 1130 899 111,
1153 815 1223 896 11).
1241 812 1356 885 Suasit

237 925 356 1012 etiam,
372 924 464 996 sicut
481 923 627 996 tradidit
644 923 898 1020 grammaticus
917 924 1059 1021 aliquis,
1082 930 1120 997 ut
1150 912 1356 1024 quicu'nque

237 1038 394 1135 catalogo
414 1040 573 1135 inscripti
597 1047 714 1112 essent
732 1039 885 1114 militare
908 1047 1131 1137 cogerentur,
1159 1049 1192 1115 et
1213 1043 1250 1115 in
1270 1044 1356 1117 cho-

237 1180 318 1228 rum
333 1156 549 1252 eligerentur
564 1178 717 1251 quorum
733 1163 817 1229 aetas
831 1157 993 1244 nondum
1009 1159 1090 1231 usui
1104 1164 1193 1232 esset
1208 1158 1356 1255 (Sedet,

236 1298 272 1369 p.
295 1277 353 1360 31,
376 1271 449 1370 16).
470 1270 512 1344 In
530 1272 648 1345 choris
666 1273 785 1368 igitur,
802 1273 964 1363 Athenis,
981 1272 1118 1346 militiae
1136 1275 1355 1349 vacationem

236 1386 369 1482 exlege
387 1386 462 1460 dari
481 1411 595 1482 posse,
615 1409 765 1484 eamque
782 1388 995 1485 plerumque
1010 1387 1119 1462 luisse
1134 1412 1351 1474 concessam,

235 1502 427 1600 aliquando
447 1510 565 1578 tamen
592 1528 613 1578 a
635 1504 899 1600 magistratibus
919 1511 1083 1602 negatam
1098 1506 1275 1580 ridemus.
1304 1509 1354 1582 De

233 1620 411 1697 actoribus
427 1628 462 1695 et
476 1622 620 1694 musicis
638 1621 730 1694 nihil
752 1628 975 1718 compertum
990 1620 1177 1696 habemus.

282 1742 434 1813 Omnem
451 1762 534 1812 vero
554 1738 817 1812 dubitationem
840 1738 1064 1812 sustulerunt
1083 1740 1354 1837 Amphictiones

232 1855 404 1951 aquibus
437 1856 576 1930 decreta
600 1855 668 1927 suit
692 1856 730 1927 in
752 1861 966 1952 perpetuum
982 1855 1180 1929 artificibus
1196 1859 1258 1954 qui
1278 1858 1354 1932 col·
1422 1844 1432 1867 '

231 1972 313 2068 legii
341 1972 531 2069 participes
552 1979 667 2063 erant,
699 1971 833 2045 vacatio
856 1970 1008 2045 militiae.
1038 1974 1166 2060 Quam,
1200 1974 1351 2069 Augusti

230 2089 463 2186 temporibus,
481 2089 631 2163 scenicis
644 2087 688 2162 ab
708 2086 876 2162 omnibus
894 2086 1042 2162 concedi
1062 2087 1184 2162 docuit
1206 2088 1351 2164 Diodori

229 2206 330 2280 locus
348 2230 455 2303 supra
473 2206 639 2280 laudatus
656 2203 730 2303 (lV,
752 2210 800 2292 5).

279 2328 315 2395 2⁰
339 2321 502 2395 Alterum
516 2321 598 2420 jus,
620 2320 718 2418 quod
737 2344 811 2394 non
830 2320 949 2392 minus
972 2320 1058 2410 luit,
1081 2319 1222 2395 duobus
1243 2345 1351 2397 voca-

230 2438 335 2524 bulis,
361 2442 471 2510 ἀσυλία
494 2446 528 2511 et
551 2441 718 2536 ἀσφάλεια,
739 2436 926 2526 delinitur,
946 2462 1049 2533 quae,
1073 2438 1286 2535 plerumque
1313 2440 1349 2511 in

229 2578 467 2650 proxenorum
483 2555 634 2628 decretis
653 2555 857 2651 conjuncta,
871 2553 968 2627 idem
985 2553 1059 2627 iere
1078 2554 1290 2651 significant.
1313 2555 1349 2626 Si

229 2672 426 2744 accuratius
444 2693 595 2769 quaeras,
611 2671 688 2743 haec
707 2669 753 2743 ad
772 2692 953 2766 personas,
974 2669 1035 2742 illa
1059 2669 1103 2742 ad
1122 2694 1175 2745 res
1199 2677 1346 2766 spectat.

228 2787 383 2860 Omnino
393 2789 540 2861 vetitum
562 2818 579 2855 a
593 2810 639 2858 ne
654 2787 713 2861 cui
727 2787 852 2859 liceret
868 2786 1041 2859 artificem
1058 2787 1213 2876 trahere,
1228 2809 1349 2883 neque

227 2902 333 2995 bello,
354 2928 472 3001 neque
490 2927 588 3000 pace,
606 2927 723 3001 neque
740 2927 796 2977 res
809 2905 886 2999 ejus
899 2926 1023 3001 rapere
1047 2907 1095 2998 (1)
1108 2933 1145 2977 n.
1165 2908 1348 2992 Quantum

226 3018 293 3093 hoo
307 3020 433 3110 valeat,
450 3018 631 3103 declarant
646 3019 740 3092 tituli
762 3019 893 3116 quibus
908 3020 1003 3119 idern
1021 3022 1080 3117 jus
1105 3021 1272 3095 Teiorum
1294 3023 1348 3094 ci-

225 3137 321 3210 vitati
345 3139 564 3211 conceditur.
604 3166 619 3204 a
640 3135 680 3210 Si
712 3138 792 3234 quis
820 3136 964 3234 publice
999 3144 1061 3210 aut
1089 3137 1223 3234 private
1254 3138 1347 3211 'leiis

224 3253 393 3347 injuriam
408 3253 531 3326 lecerit
545 3260 669 3327 contra
688 3253 866 3326 decretam
882 3260 1035 3328 anostra
1051 3253 1189 3327 civitate
1203 3257 1343 3345 ἀσυλίαν,

224 3365 328 3440 liceat
346 3367 491 3442 cuilibet
507 3369 673 3443 Teiorum
698 3370 865 3467 praesenti
890 3394 1004 3467 quum
1028 3393 1102 3453 res,
1133 3376 1209 3442 tum
1228 3394 1347 3444 servos

223 3481 466 3576 prehendere,
496 3486 524 3557 si
554 3485 634 3581 quis
665 3485 844 3581 abegerit;
874 3488 1099 3583 magistratus
1129 3491 1250 3558 autern
1284 3488 1346 3583 qui

223 3620 372 3672 munere
394 3599 588 3697 fungentur
602 3625 662 3675 eos
682 3603 744 3698 qui
766 3609 908 3676 teneant
932 3602 1082 3676 reddero
1106 3609 1246 3697 cogant,
1277 3625 1343 3676 neo

223 3711 268 3785 ob
292 3713 329 3786 id
348 3714 520 3789 mulctam
544 3726 602 3790 aut
628 3717 728 3792 litem
746 3716 897 3792 subeant
917 3717 983 3817 (2).
1004 3748 1020 3786 o
1052 3717 1131 3791 Alia
1156 3719 1263 3792 etiarn
1284 3726 1345 3792 ta-

223 3826 325 3918 bula,
349 3833 408 3927 jus
437 3831 557 3905 auxilii
586 3856 659 3906 non
684 3833 947 3931 magistratibus
968 3833 1086 3908 solum
1115 3835 1177 3909 sed
1204 3836 1341 3931 privato

221 3945 349 4041 cuique
368 3946 548 4039 tribuitur,
570 3949 618 4022 ita
640 3956 680 4022 ut
698 3950 782 4025 Teio
803 3948 863 4023 'res
884 3974 965 4024 suas
984 3950 1161 4047 repetenti
1184 3951 1341 4047 privatus

220 4062 382 4135 auxiliari
402 4065 525 4160 possit,
549 4065 775 4161 magistratus
795 4066 923 4142 debeat
944 4068 1006 4163 (3).
1030 4068 1143 4165 Majus
1173 4066 1280 4141 etiam
1303 4067 1341 4140 in

258 4280 300 4358 (l)
322 4282 454 4340 Decreta
467 4281 734 4360 Amphictionum,
750 4282 772 4343 l.
788 4284 895 4344 lo-no.

261 4372 300 4454 (2)
322 4374 363 4434 Le
378 4376 436 4435 Bas
451 4380 483 4436 et
498 4377 727 4456 Waddingtou,
748 4375 841 4477 laser.
860 4376 1120 4454 d'Ast'e·Mineore,
1144 4381 1194 4440 70.
1217 4377 1264 4438 Cf.
1286 4380 1336 4449 66,

217 4469 440 4642 aldgidae,
453 4567 503 4624 13.
