3120 5302
700 520 859 582 ..61-

222 650 280 735 sis,
294 649 432 723 Nicetes
448 651 580 724 Iasonis
592 650 873 747 hierosolymita,
893 654 1040 745 uterque
1051 655 1194 723 centum
1208 649 1336 726 drach-

223 787 297 837 mas
314 762 379 862 (l).
397 793 415 832 u

270 879 443 953 Mercedis
458 879 608 977 collegio
628 880 850 956 scenicorum
866 879 1043 954 solvendae
1059 880 1160 954 nulla
1178 881 1219 971 fit
1239 905 1337 956 men-

223 995 291 1081 tio;
319 1019 546 1093 nequaquam
572 1005 692 1070 tamen
720 996 870 1072 dubium
899 1005 950 1074 est
979 1000 1168 1094 gratuitam
1191 1022 1334 1095 operam

223 1134 294 1183 non
320 1111 483 1206 praeberi.
511 1113 583 1198 ,Qui
614 1114 710 1186 enim
730 1115 829 1210 prius
859 1115 1010 1189 artifices
1038 1115 1240 1211 sumptibus
1263 1116 1337 1190 suis

222 1227 482 1320 conducebant,
507 1228 616 1301 iidem
640 1235 726 1302 tunc
750 1238 881 1304 certam
904 1231 1092 1328 pecuniam
1112 1230 1334 1328 largiuntur3

222 1343 363 1439 choragi
379 1345 471 1416 circs
484 1345 667 1436 ducentas,
681 1345 849 1440 inquilini
859 1354 1003 1420 centum
1020 1345 1219 1420 drachmas.
1236 1345 1338 1422 Unde

222 1460 327 1533 etiam
342 1461 385 1533 de
403 1460 567 1534 mercede
582 1461 824 1558 conjecturam
846 1463 963 1537 lacere
981 1461 1120 1549 licebit;
1139 1464 1214 1559 jam
1234 1464 1338 1538 insti-

222 1583 297 1648 tuta
317 1578 448 1650 recenti
468 1578 616 1664 ratione,
632 1601 727 1652 uuus
741 1579 825 1651 civis
841 1585 874 1652 et
891 1585 962 1667 tres
975 1577 1143 1674 inquilini
1162 1602 1237 1653 sese
1251 1604 1338 1654 con·

221 1691 356 1765 sociant
375 1698 415 1765 ut
438 1694 642 1767 comoedum
672 1717 736 1790 per
762 1695 851 1767 duos
876 1694 950 1768 dies
968 1694 1185 1790 producant;
1208 1697 1284 1792 qui,
1306 1697 1336 1769 si

219 1810 408 1903 pecuniam
429 1832 449 1883 c
469 1820 568 1882 more
592 1809 708 1906 largiti
733 1810 898 1900 fuissent,
920 1811 1129 1906 quingentas
1149 1811 1336 1886 drachmas

219 1923 410 1997 dedissent.
434 1930 527 2011 Quas
546 1928 682 2022 accepit
702 1950 796 1999 unus
812 1925 1009 2018 comoedus,
1027 1925 1063 1999 id
1079 1936 1144 2017 est,
1160 1952 1254 2001 unus
1268 1952 1333 2002 ac-

220 2049 275 2113 tor
293 2041 489 2137 primarum
508 2066 591 2115 cum
613 2040 752 2116 duobus
776 2043 1007 2139 synagonistis
1024 2050 1058 2117 et
1075 2042 1231 2118 tibicine.

180 2231 182 2236 .
269 2160 435 2243 Quamvis
461 2167 495 2233 et
517 2160 583 2232 lasi
601 2165 637 2232 et
658 2159 819 2255 Corcyrae
840 2158 1055 2233 vocabulum
1078 2165 1160 2258 ἀγών
1184 2185 1334 2258 usurpe-
1387 2252 1389 2255 ι

219 2283 289 2363 tur,
316 2277 397 2349 satis
426 2282 522 2372 patet
547 2275 688 2348 nullum
716 2276 864 2349 omnino
888 2276 926 2348 in
953 2277 1008 2348 his
1032 2275 1126 2349 ludis
1153 2282 1333 2350 certamen

221 2389 340 2478 fuisse,
367 2412 456 2486 quos
484 2389 635 2462 artifices
664 2389 771 2462 unius
796 2388 935 2486 collegii
965 2388 1193 2486 peragebant,
1225 2391 1334 2464 nullis

219 2506 371 2596 aemulis,
396 2507 497 2581 nullo
518 2508 666 2602 praemio
686 2505 877 2579 victoribus
894 2507 1088 2602 proposito.
1107 2507 1156 2580 Ea
1172 2509 1259 2582 ratio
1274 2508 1333 2580 lu-

219 2624 347 2697 dorum
371 2625 408 2697 in
434 2624 555 2696 multis
577 2621 777 2696 civitatibus
796 2628 889 2695 certe
908 2622 1075 2713 obtinuit,
1094 2646 1174 2720 quae
1194 2624 1334 2698 Plutar-

219 2741 287 2814 cho
306 2742 355 2813 ita
371 2740 538 2836 frequens
556 2741 629 2813 visa
648 2745 702 2811 est
724 2744 764 2810 ut
787 2738 856 2810 hoc
876 2738 1036 2835 exemplo
1055 2739 1246 2814 utilitatem
1269 2742 1335 2814 ini·

219 2857 394 2929 micorum
408 2855 622 2941 ostenderet.
649 2852 859 2948 «Equidem
877 2854 1034 2926 scenicos
1058 2855 1210 2929 artifices
1231 2857 1334 2931 vide-

220 2996 300 3045 mus
314 2995 560 3068 saepenumero
582 2972 618 3042 in
637 2969 784 3042 theatris
807 2968 961 3053 remisse,
983 2968 1084 3041 nulla
1102 2969 1281 3045 alacritate
1298 2981 1334 3046 et

219 3113 264 3162 ne
275 3089 458 3186 diligentia
469 3088 628 3186 quidem,
645 3091 781 3158 certare
795 3085 889 3155 inter
901 3084 1122 3180 semetipsos3
1143 3111 1255 3182 quum
1268 3110 1332 3161 au-

219 3210 290 3275 tem
311 3211 488 3276 certamen
511 3202 556 3274 sit
576 3201 743 3274 adversus
768 3197 866 3287 allOS,
894 3222 966 3271 non
988 3200 1124 3295 seipsos
1143 3198 1250 3274 modo
1270 3203 1333 3277 sed

219 3325 253 3392 et
276 3344 341 3393 sua
364 3321 600 3392 instrumenta
618 3315 729 3410 magis
749 3321 884 3410 aptant,
904 3313 991 3388 fides
1015 3315 1211 3411 explorant,
1231 3341 1335 3392 accu-

220 3436 400 3530 ratiusque
415 3440 630 3508 concentum
646 3432 829 3503 instruunt
842 3436 877 3503 et
891 3428 993 3503 tibias
1010 3440 1144 3505 canunt
1155 3429 1219 3530 (Ξ).
1237 3463 1254 3501 »

267 3550 382 3622 Priori
401 3549 523 3645 generi
545 3545 729 3636 ludorum,
748 3567 901 3642 quorum
924 3545 1087 3618 meminit
1106 3545 1331 3641 Plutarchus,

218 3673 297 3761 apte
322 3673 524 3761 congruunt
544 3662 676 3737 tabulae
704 3662 923 3735 Soteriorum
949 3660 1216 3757 Delphicorum.
1235 3668 1333 3750 Quo-

219 3806 299 3853 rum
327 3805 440 3878 quum
465 3780 520 3852 vix
550 3802 683 3853 nomen
707 3785 832 3852 notum
863 3783 968 3866 esset,
994 3778 1144 3850 Athenis
1169 3790 1331 3877 repertus

220 3900 310 3997 lapis
323 3901 445 3974 docuit
461 3896 566 3972 ludos
585 3921 661 3970 esse
677 3896 859 3993 gymnicos
877 3902 912 3969 et
931 3895 1085 3970 musicos
1104 3898 1330 3974 inhonorem

217 4018 310 4089 lovis
340 4015 534 4089 Servatoris
557 4025 590 4086 et
613 4011 790 4108 Apollinis
809 4012 925 4106 Pythii
949 4010 992 4084 ab
1020 4014 1145 4087 AEtolis
1164 4022 1198 4089 et
1219 4017 1329 4089 Athe-

218 4132 400 4206 niensibus
411 4131 602 4220 institutos,
616 4127 712 4224 quod
722 4126 888 4200 adversus
901 4125 1067 4201 barbaros
1080 4129 1214 4226 templo
1226 4118 1332 4227 Apol·

257 4425 300 4505 (l)
321 4425 363 4484 Le
377 4424 437 4482 Bas
448 4426 479 4480 et
489 4419 715 4496 Waddington,
731 4413 825 4474 lnscr.
840 4413 1095 4492 deso-Minoum,
1110 4421 1179 4479 294.

260 4521 300 4597 (ἓ)
320 4515 493 4590 Plutarch„
507 4512 552 4573 Dc
564 4510 692 4572 utilitate
703 4506 893 4583 inimicorum,
910 4510 939 4568 3.
