3248 5296
738 529 896 587 ..75-

258 664 460 739 exhibuisse
474 663 604 760 aliquis
627 686 691 736 suo
707 664 789 759 jure
804 663 982 759 conjiciat.
1004 658 1072 734 Sed
1097 659 1295 734 notandum
1323 666 1374 734 est

259 783 351 856 inter
362 782 552 854 choreutas
572 781 726 855 comicos
741 788 776 855 et
790 776 970 853 comoedos
985 785 1020 850 et
1035 777 1187 851 maxime
1209 775 1373 849 didasca-

257 899 310 974 los
320 898 434 972 multa
442 899 647 972 communia
656 898 775 970 fuisse.
789 893 1052 992 Cephisodorus
1063 893 1199 982 Gallim,
1216 896 1370 985 BoeotuS,

257 1015 458 1090 didascalus
476 1015 633 1089 comicus
650 1012 729 1111 (111,
755 1020 814 1101 57,
842 1014 902 1101 lV,
926 1009 1001 1109 63),
1020 1011 1191 1084 choreuta
1213 1010 1372 1083 comicus

257 1132 332 1231 (Vl,
358 1132 430 1231 76).
454 1132 610 1227 Thyrsus
628 1132 795 1219 Critonis,
819 1130 988 1203 choreuta
1011 1128 1169 1201 comicus
1194 1127 1270 1226 (IV,
1296 1127 1369 1227 75),

257 1249 457 1324 didascalus
471 1250 628 1322 comicus
644 1247 718 1346 (Vl,
741 1245 816 1346 61).
839 1249 940 1319 Unus
959 1268 1002 1318 ex
1018 1244 1196 1319 choraulis
1219 1244 1276 1344 (V,
1296 1243 1369 1344 75),

254 1366 351 1439 filius
370 1372 421 1439 est
435 1364 588 1440 comoedi
607 1364 681 1463 (lV,
699 1362 779 1462 61);
801 1363 890 1438 alter
908 1363 1015 1436 irater
1034 1370 1086 1435 est
1107 1361 1278 1436 didascali
1305 1384 1372 1435 co·-

255 1483 339 1555 mici
360 1481 438 1581 (ill,
460 1481 534 1580 57).

305 1598 542 1686 Haecindicia‚
559 1600 720 1696 quamvis
734 1599 866 1688 tenuia,
881 1599 1042 1672 animum
1056 1620 1179 1670 meum
1192 1596 1373 1670 inducunt

256 1723 296 1789 ut
319 1717 506 1813 conjiciam
529 1716 680 1790 chorum
704 1716 883 1789 comicum
904 1714 1041 1789 labulas
1064 1716 1216 1788 comicas
1245 1715 1368 1811 egisse.

256 1836 376 1918 Quum
397 1856 490 1919 vero,
513 1834 550 1905 in
566 1828 750 1907 ¹comoedia
773 1833 889 1929 prisca
912 1830 1160 1905 tantummodo
1188 1831 1381 1905 adhibitus

256 1949 375 2034 luerit,
401 1949 488 2021 hinc
505 1950 704 2045 putandum
726 1958 791 2039 est,
812 1949 920 2023 etiarn
940 1947 1098 2021 secundo
1120 1954 1203 2022 aute
1229 1954 1369 2022 aetatem

256 2072 411 2139 nostram
430 2064 573 2153 saeculo,
593 2064 732 2138 labulas
747 2065 1006 2161 Aristophanis,
1029 2066 1163 2138 Cratini
1177 2073 1212 2138 et
1233 2072 1371 2140 cetero-

257 2205 338 2254 rum
354 2182 517 2278 repetitas
533 2181 654 2254 luisse.
674 2181 743 2255 Sed
758 2180 935 2254 affirmare
950 2182 1070 2255 nimiae
1090 2182 1134 2254 sit
1147 2183 1367 2258 temeritatis.

183 2291 187 2299 ’
255 2297 335 2372 Non
352 2297 589 2371 omittendum
613 2304 665 2371 est
687 2305 806 2371 tamen
828 2297 975 2370 invasis
1000 2300 1128 2395 saepius
1147 2300 1304 2395 picturas
1326 2322 1369 2372 ex

255 2414 402 2510 antiqua
421 2412 595 2487 comoedia
609 2419 768 2510 sumptas
788 2413 930 2510 elfingi;
953 2415 1055 2511 cujus
1074 2422 1222 2505 actores,
1246 2439 1288 2490 ex
1304 2415 1369 2489 ha-

253 2531 349 2603 bitus
363 2532 493 2627 specie,
511 2532 691 2626 praecipuo
706 2531 906 2627 corpusculi
925 2538 959 2605 et
975 2532 1130 2606 chilonis
1144 2532 1272 2627 forma,
1289 2557 1369 2608 ccr-

254 2647 389 2721 tissime
406 2648 547 2743 agnosci
561 2646 816 2721 demonstravit
831 2649 1004 2723 Wicselcr
1022 2647 1035 2748 (
1062 2649 1088 2749 ).

303 2767 421 2849 Quum
440 2771 572 2838 veteres
588 2764 719 2838 fabulae
736 2767 865 2860 saepius
881 2772 1124 2861 repeterentur
1145 2790 1253 2861 quam
1268 2789 1367 2840 novae

254 2879 548 2976 producerentur,
561 2904 641 2977 quae
656 2904 742 2954 cura
758 2882 857 2977 prius
867 2882 1026 2977 ipsorum
1037 2888 1223 2977 poetarum
1239 2882 1365 2971 luerat,

255 3019 297 3068 ea
316 2998 488 3093 magistris
507 2997 653 3070 comicis
675 2997 886 3093 tragicisque
911 2997 1146 3071 mandabatur
1172 3006 1211 3071 ut
1235 3007 1370 3073 actores

254 3112 434 3185 docerent.
453 3114 540 3199 Qui,
565 3114 601 3184 in
622 3113 803 3209 Delphicis
819 3112 972 3205 tabulis,
995 3114 1183 3189 ambitioso
1199 3117 1364 3205 nominc,

255 3228 423 3303 didascali
449 3228 631 3318 dicuntur,
669 3231 830 3327 quamvis
861 3255 902 3305 ea
930 3231 1126 3329 designatio
1155 3235 1369 3332 plerumque

253 3347 365 3442 poetis
381 3369 461 3419 suas
476 3346 613 3419 fabulas
628 3348 712 3443 ipsis
727 3348 937 3421 docentibus
951 3358 1159 3423 reservetur.
1178 3352 1369 3425 Modestius
1429 3420 1437 3436 ,

252 3463 291 3535 in
306 3462 454 3559 collegio
468 3462 595 3549 Attico,
617 3462 726 3536 iidem
741 3464 1007 3560 hypodidascali
1025 3474 1208 3556 vocantur,
1232 3492 1369 3543 memo·

251 3581 318 3667 ria,
343 3578 463 3669 credo,
484 3589 518 3654 et
538 3581 732 3654 reverentia
752 3587 931 3655 tantorum
953 3590 1138 3678 poetarum
1158 3586 1220 3683 qui
1240 3587 1367 3660 eodem

253 3718 401 3768 munere
421 3696 608 3792 fungentes
628 3696 796 3769 didascali
815 3696 899 3770 dicti
919 3697 1075 3788 fuerant;
1099 3724 1252 3796 quorum
1265 3725 1368 3775 mor-

254 3817 401 3885 tuorum
418 3835 454 3886 so
476 3835 550 3885 non
565 3813 714 3886 vicarios
729 3812 791 3887 sed
806 3815 987 3889 ministros
1001 3817 1273 3911 profitebantur.

302 3928 340 4001 Si
359 3930 551 4025 quaerimus
573 3931 652 4027 quis
674 3931 793 4019 luerit,
817 3932 987 4005 institutis
1008 3935 1229 4008 scenicorum
1250 3937 1368 4011 artili-

254 4065 336 4116 cum
351 4045 520 4142 collegiis,
541 4047 671 4118 artium
687 4047 904 4120 musicarum
926 4055 1047 4141 status,
1065 4059 1159 4148 patet
1174 4054 1281 4126 etiam
1299 4053 1366 4127 hac

253 4166 354 4234 aetate
379 4184 419 4235 ea
444 4161 560 4234 studia
583 4160 746 4256 viguisse.
776 4161 989 4258 Frequentia
1017 4167 1112 4240 enim
1138 4168 1306 4242 ludorum
1333 4176 1368 4242 et

293 4446 334 4526 (l)
356 4445 524 4522 Wieseler,
552 4445 829 4526 lhcotercpeboeude.
845 4446 1081 4512 -Monnmenn'
1100 4454 1224 4531 scenici,
1252 4453 1365 4517 Annal.

253 4539 354 4602 Instit.
370 4540 470 4617 arch,
485 4542 574 4617 1853,
586 4558 619 4618 p.
632 4543 671 4602 33
681 4546 712 4602 et
727 4559 784 4621 sq.;
800 4545 888 4621 1871,
903 4562 935 4622 p.
950 4547 987 4607 97
1005 4551 1038 4607 11
1050 4565 1097 4626 sq.
