3120 5302
645 561 803 620 ..99-

161 695 284 790 viginti
305 693 417 766 millia
442 693 671 767 denariorum
694 692 871 769 cumulari
892 691 1027 765 debuit.
1061 696 1110 767 06
1131 716 1202 788 qua
1222 716 1283 790 pe·

163 811 269 884 cunia
293 833 373 907 quae
394 809 630 906 erogabantur
644 811 805 908 praemia,
822 808 997 884 nonnulla
1016 807 1177 906 proferre
1196 809 1283 883 utile

163 934 227 1029 est.
249 926 505 1023 Tragoedorum
524 929 654 1024 primo,
676 932 768 1002 1500
786 928 885 1017 den.;
908 925 1188 1015 56666116,500;
1210 932 1283 998 ter·

162 1043 324 1132 116350.
346 1085 392 1097 -
408 1043 541 1140 Majora
567 1044 673 1117 etiam
698 1044 737 1115 in
765 1042 835 1115 alio
861 1041 1095 1115 tribuuntur:
1113 1040 1287 1138 tragoedo-

83 1247 85 1250 y
162 1183 243 1231 rum
267 1160 395 1255 primo,
414 1165 509 1235 3500
536 1161 641 1252 (166.;
668 1161 839 1248 secundo,
858 1164 949 1244 80ος
975 1159 1092 1248 tertio,
1117 1164 1287 1247 16666-

165 1275 367 1350 moedorum
394 1278 523 1372 primo,
552 1282 663 1364 150ος
692 1277 860 1359 5666616,
887 1280 979 1361 500;
1007 1275 1121 1364 tertio,
1139 1280 1223 1349 300.
1242 1318 1288 1332 -

164 1393 348 1490 Pythaulae
366 1401 400 1467 61
420 1391 719 1490 psilocitharistae,
745 1398 837 1467 1000
848 1418 857 1479 ;
880 1391 1062 1464 choraulae
1079 1398 1113 1464 61
1131 1392 1290 1467 choroci-

164 1511 333 1597 tharistae,
365 1516 471 1584 1500.
501 1552 549 1562 -
574 1510 723 1583 Minima
750 1516 936 1605 poetarum
963 1508 1130 1605 praemia3
1160 1508 1291 1582 lauda·

166 1630 267 1718 11661,
283 1630 438 1725 poemati
450 1628 550 1725 epioo
566 1635 601 1700 et
616 1652 714 1701 novae
728 1625 922 1723 tragoedia,
941 1631 1164 1700 1661661750
1183 1625 1265 1700 den.
1274 1655 1283 1716 ;

167 1769 264 1819 novae
294 1744 491 1833 comoedia,
522 1750 611 1833 500;
634 1745 742 1818 veteri
770 1744 969 1834 comoedia,
993 1748 1063 1817 350
1080 1749 1115 1816 61
1133 1741 1232 1842 tao(
1258 1741 1286 1841 ).

168 1862 280 1936 Series
300 1885 383 1935 vero
400 1861 569 1935 ludorum
589 1861 638 1933 ita
654 1861 721 1932 tuit
741 1861 912 1934 continua
935 1865 976 1931 ut
991 1859 1132 1956 logistes
1147 1865 1288 1957 ternpus

167 1976 429 2075 magistratibus
448 1978 505 2049 his
521 1977 635 2051 verbis
650 1977 837 2051 definiret:
860 1979 1074 2052 «Certamen
1087 1997 1170 2049 vero
1189 1974 1294 2049 Glau-

172 2092 220 2165 dii
240 2091 393 2179 Adrasti,
420 2100 460 2165 ut
478 2092 717 2188 praestitutum
736 2091 815 2179 suit,
839 2091 1082 2187 peragendum
1105 2096 1169 2178 est,
1189 2089 1291 2163 nulla

170 2235 208 2283 re
230 2210 389 2305 neglecta
401 2208 455 2282 vel
468 2209 614 2295 omissa;
634 2208 835 2281 curandum
852 2214 1035 2280 astantem
1049 2213 1089 2278 ut
1105 2213 1290 2302 peractum

169 2328 213 2399 sit
239 2326 307 2399 hoc
329 2350 426 2400 nono
456 2349 600 2414 mense,
623 2325 794 2421 quoniam
817 2324 867 2396 eis
896 2324 959 2420 qui
986 2322 1023 2395 id
1053 2323 1286 2409 committent,

170 2443 378 2516 Heracleam
392 2443 551 2516 eundum
568 2451 654 2514 651.»
668 2446 764 2515 Nova
779 2442 886 2513 etiam
902 2440 1141 2512 certaminum
1159 2462 1291 2536 genera

170 2584 213 2633 ex
229 2558 435 2632 adulatione
451 2566 528 2633 orta
543 2564 639 2647 sunt,
657 2559 748 2630 utin
764 2557 905 2631 Musaeis
922 2555 1201 2651 Thespiensibus
1214 2555 1292 2629 lau-

170 2675 266 2748 datio
283 2699 388 2770 prosa
410 2675 570 2748 oratione
594 2680 627 2747 et
649 2697 778 2769 poema
799 2674 1031 2745 inhonorem
1054 2673 1291 2769 imperatorie.

171 2786 1182 2885 066111606666161631566616566666113666166111661
1197 2789 1294 2884 quod
1390 2878 1395 2890 1

172 2910 208 2980 16
228 2909 339 3005 priori
367 2913 470 2980 aetate
492 2911 638 2978 ἐπινίκιον
654 2907 756 2996 valet,
785 2906 920 2979 scilicet
939 2907 1129 3002 praemium
1151 2905 1293 2980 victoris

172 3026 234 3120 qui
253 3026 348 3097 inter
363 3047 489 3096 omnes
508 3024 658 3097 victores
678 3021 851 3095 excellere
871 3022 965 3094 visus
984 3028 1036 3095 651
1052 3018 1118 3118 (3).
1339 3022 1341 3026 ”

220 3140 247 3213 C
266 3146 427 3213 umtanta
444 3141 676 3236 praemiorum
696 3139 798 3236 copia
817 3145 853 3210 61
867 3143 967 3211 16616
987 3135 1159 3211 ludorum
1174 3135 1293 3210 studio

171 3281 371 3353 congruens
391 3257 568 3329 artificum
588 3255 775 3328 aestimatio
790 3281 799 3345 ;
817 3277 969 3349 qnorum
993 3277 1067 3327 666
1082 3252 1190 3327 modo
1207 3276 1293 3327 con-

172 3382 308 3447 servata
324 3373 472 3447 suerunt
484 3373 631 3469 antiqua
645 3370 847 3468 privilegia3
876 3369 937 3442 sed
955 3369 1006 3442 eis
1021 3371 1127 3442 etiarn
1147 3375 1294 3459 statuas,

168 3491 228 3586 jus
248 3491 407 3580 civitatis,
422 3491 591 3576 honores,
618 3489 842 3584 magistratus
866 3508 1010 3583 quoque
1030 3487 1191 3560 certatim
1209 3486 1297 3559 civi-

172 3614 258 3680 tates
279 3607 511 3680 decreverunt
530 3603 599 3702 (3).

224 3727 264 3796 ln
290 3705 408 3795 insula
428 3726 539 3811 Teno,
560 3721 673 3795 tribus
700 3721 886 3818 cujusdam
911 3721 1046 3794 archon
1071 3726 1123 3792 est
1149 3719 1297 3794 Pancies

212 4003 254 4084 (11
278 4003 319 4064 Le
340 4003 401 4063 Bas
423 4004 454 4059 et
474 3999 708 4078 Waddington,
732 3998 825 4058 Irocr.
846 3995 1102 4070 d’Asie-Mineure,
1129 3997 1207 4059 1620
1229 4014 1245 4056 c
1267 4001 1299 4058 61

174 4102 252 4160 1630
267 4096 296 4157 d.
311 4128 351 4141 -
364 4092 407 4174 (0)
430 4091 543 4172 Corpus
558 4091 647 4152 inser.
659 4111 718 4172 qr,
736 4095 824 4154 1585.

214 4191 256 4272 (3)
279 4188 430 4262 Quidam,
445 4204 544 4266 quum
568 4204 698 4246 suarum
721 4185 927 4245 victoriarum
942 4182 1128 4245 memoriam
1147 4185 1299 4244 marmori

173 4286 270 4346 incidi
279 4287 439 4362 cuperent,
450 4281 601 4359 pietatem
612 4281 767 4360 superbiae
775 4298 839 4339 suae
848 4280 1089 4359 praetendentes,
1102 4282 1220 4338 statuas
1229 4296 1297 4339 ma·

174 4381 345 4459 gistrorum
367 4393 496 4437 suorum
517 4379 796 4450 consecraverunt,
821 4374 876 4435 sed
899 4374 933 4433 in
953 4372 1046 4433 titulo
1071 4372 1297 4433 conscribendo

175 4474 333 4554 praecipuo
354 4488 425 4530 suas
447 4469 595 4529 victorias
619 4467 789 4529 memorari
813 4471 1015 4528 curaverunt.
1037 4464 1217 4544 (Philistor,
1235 4471 1256 4527 t.
1274 4466 1300 4542 1,

176 4587 207 4647 p.
225 4570 282 4628 329
296 4587 304 4640 3
327 4565 440 4643 Corpus
453 4563 540 4625 inser.
555 4583 612 4642 pr,
629 4564 731 4643 3208.)
