3120 5302
697 442 854 500 ..54-

221 583 359 655 mittero
374 584 570 655 consuevit.
585 585 769 667 Praeterea‚
784 583 924 679 longius
939 583 1043 655 etiam
1060 582 1334 680 peregrinaban-

219 707 277 772 tur
288 705 322 774 et
338 702 510 774 Graeeiam
525 703 637 797 ipsam
651 700 817 796 petebant
833 707 871 772 ut
886 699 991 772 ludos
1007 701 1158 774 maxime
1173 701 1333 797 insignes

218 814 356 890 adirent
371 823 503 890 etcum
519 816 597 889 aliis
611 816 768 913 collegiis
785 822 973 905 certarent,
994 823 1031 888 ut
1049 815 1208 912 Delphis,
1221 816 1332 889 Thes·

218 933 299 1029 piis,
315 931 445 1006 Thebis
468 933 601 1006 laetum
626 933 733 1006 luisse
752 931 873 1007 docuit
893 932 1018 1005 titulus
1043 955 1149 1027 supra
1167 931 1334 1006 laudatus

218 1049 312 1144 (vide
336 1073 372 1145 p.
399 1049 468 1144 52).
493 1053 595 1136 Item,
617 1049 768 1123 artifices
795 1073 837 1121 ex
867 1049 1000 1121 Isthmo
1025 1054 1059 1122 et
1084 1052 1229 1140 Nemea,
1260 1071 1333 1122 non

220 1164 326 1237 modo
350 1168 543 1238 Messenen]
562 1163 628 1264 (1),
650 1167 800 1261 Sicyone
818 1164 869 1262 (2)
886 1170 921 1236 et
943 1170 1076 1237 ceteras
1102 1165 1333 1261 Peloponnesi

220 1286 336 1376 partes
355 1279 565 1368 invisebant,
581 1279 641 1354 sed
656 1280 795 1353 Thebas
812 1277 862 1378 (3)
880 1302 1021 1376 quoque
1041 1286 1076 1352 et
1094 1281 1205 1376 ipsam
1221 1283 1333 1353 Teum

221 1394 323 1493 (vide
347 1420 382 1492 p.
411 1394 467 1494 8).
488 1398 638 1471 Maxime
662 1398 770 1492 igitur
792 1404 992 1492 opportuna
1019 1396 1087 1468 luit
1110 1396 1334 1469 scenicorum

222 1511 454 1608 collegiorum
474 1513 662 1601 institutio,
689 1513 783 1585 utin
803 1520 915 1585 certas
935 1512 1091 1584 civitates
1114 1513 1337 1585 confluerent

221 1652 264 1701 ex
276 1628 444 1702 omnibus
464 1629 669 1726 regionibus
687 1628 839 1703 artifices
853 1634 962 1726 atque
978 1630 1015 1702 in
1030 1630 1080 1703 eis
1097 1629 1338 1703 communiter

222 1744 372 1819 artifieio
391 1769 536 1841 operam
559 1747 696 1836 darent,
725 1747 761 1816 in
787 1769 908 1842 greges
931 1747 1087 1819 comicos
1114 1746 1338 1842 tragicosque

223 1863 457 1952 sociarentur,
487 1862 614 1937 choros
640 1865 746 1937 etiam
773 1862 940 1959 pueriles,
969 1860 1088 1935 viriles
1119 1871 1153 1934 et
1182 1861 1339 1935 comicos

223 1986 412 2076 perpetuos
425 1979 605 2072 docerent,
621 1987 725 2076 atque
739 2003 781 2052 ex
794 1979 849 2051 his
864 1978 993 2051 scholis
1007 2001 1227 2075 peromnem
1242 1982 1340 2051 Grae-

225 2119 308 2169 cum
328 2096 453 2170 orbem
473 2120 547 2171 rem
563 2096 738 2170 ludicram
756 2095 963 2192 perferrent.

274 2217 351 2299 Qua
370 2217 505 2288 rationo
531 2216 635 2287 iniis
660 2212 860 2287 civitatibus
884 2215 920 2286 in
946 2212 1075 2308 quibus
1097 2211 1245 2286 'nullum
1265 2219 1342 2287 erat

226 2331 449 2404 scenicorum
473 2354 613 2427 corpus,
634 2329 741 2418 ludis,
759 2330 821 2425 qui
843 2328 1022 2425 religionis
1045 2352 1150 2402 causa
1171 2329 1337 2418 instituti,

227 2446 303 2517 sine
324 2443 464 2541 piaculo
479 2445 593 2517 omitti
615 2467 688 2516 non
708 2451 882 2540 poterant,
908 2466 1052 2540 operam
1072 2443 1224 2517 artifices
1243 2466 1342 2540 pra-

227 2563 380 2649 buerint,
400 2562 494 2634 tituli
518 2562 615 2634 haud
631 2584 744 2657 pauca
761 2560 999 2657 suppeditant,
1022 2558 1152 2657 quibus
1170 2560 1344 2657 explana-

228 2678 285 2764 tis,
314 2679 379 2751 etsi
406 2702 478 2751 non
498 2677 619 2751 omnia
639 2675 884 2772 expedientur,
911 2700 1052 2750 summa
1074 2682 1193 2750 tamen
1219 2700 1341 2751 rerum

227 2792 422 2890 apparebit.

277 2910 393 2984 Aliam
407 2908 502 3007 apud
515 2909 601 2983 alios
617 2911 788 2983 rationem
805 2910 912 2982 luisse
923 2915 978 2982 rix
988 2917 1039 2983 est
1053 2909 1150 3005 quod
1161 2930 1340 2982 moneam.

230 3030 474 3124 Ceramenses
493 3029 652 3123 quamvis
667 3025 792 3099 urbem
808 3026 906 3099 haud
925 3024 1119 3122 ignobilem
1138 3032 1174 3098 et
1189 3025 1344 3121 opulen-

231 3151 303 3216 tam
317 3142 503 3230 haborent,
521 3144 662 3215 nonnisi
677 3140 861 3215 conductis
874 3141 1082 3228 artificibus,
1099 3141 1266 3236 Dionysia
1280 3163 1344 3213 sua

231 3260 336 3332 edere
351 3265 557 3355 potuerunt.
576 3257 643 3332 Sed
664 3282 733 3348 res,
751 3258 896 3330 maximi
917 3259 1087 3330 momenti
1109 3256 1242 3353 populo
1258 3257 1343 3347 visa,

231 3374 432 3471 sumptibus
450 3374 603 3470 publicis
625 3380 659 3446 et
676 3397 740 3470 per
759 3374 983 3470 magistratus
1002 3372 1187 3470 agebatur,
1212 3395 1346 3445 secun·

231 3491 318 3563 dum
339 3490 555 3586 peculiarem
575 3489 688 3586 legem
710 3513 791 3586 quae
817 3489 874 3561 lex
900 3490 1123 3585 agonothetae
1146 3488 1342 3563 dicebatur.

232 3608 348 3695 Quam
363 3609 560 3702 impensam
579 3607 709 3679 civium
729 3629 874 3678 suorum
897 3604 969 3679 duo
990 3605 1154 3678 homines
1169 3627 1281 3700 quum
1300 3604 1348 3677 le·

231 3745 312 3796 vare
336 3721 480 3809 vellent,
504 3722 643 3819 egregia
662 3722 907 3795 munificentia
925 3727 1069 3794 centum
1090 3728 1122 3794 ot
1141 3720 1264 3818 viginti
1282 3721 1348 3792 mi-

231 3862 306 3926 nas,
327 3862 414 3935 quas
428 3839 578 3911 intactas
589 3839 720 3910 servari
733 3838 918 3934 jusserunt
929 3836 1041 3911 donec
1057 3837 1249 3910 cumulatae
1264 3860 1348 3908 usu-

230 3957 279 4028 ris
296 3962 442 4029 oentum
457 3963 492 4027 et
510 3955 689 4050 octoginta
712 3955 826 4026 minas
846 3954 1042 4050 explerent,
1057 3953 1136 4025 urbi
1152 3961 1185 4026 et
1207 3953 1347 4025 Baccho

232 4077 542 4158 consecraverunt,
567 4093 720 4167 quarum
737 4093 756 4142 e
776 4070 924 4162 foenore,
945 4068 1056 4144 altero
1077 4091 1221 4166 quoque
1236 4090 1344 4156 auno,

273 4346 315 4428 (l)
337 4344 508 4414 Plutarch,
526 4344 682 4422 Cleonaeo„
700 4349 748 4408 la.
759 4380 798 4393 -
813 4347 852 4426 (Ξ)
869 4347 980 4425 Corpus
992 4345 1079 4410 inser.
1091 4363 1154 4424 qr„
1171 4345 1260 4405 1108.

273 4440 314 4519 (3)
342 4438 409 4500 Vide
424 4437 546 4500 titulum
566 4457 598 4518 p.
614 4439 664 4500 Ἢ.
