3120 5302
694 507 853 566 ..59-

218 629 449 730 ostenderint,
475 641 731 739 observantque
751 664 889 738 eaquae
912 649 993 714 sunt
1013 635 1154 714 decreta
1173 639 1217 712 ab
1238 644 1329 714 arti-

218 761 343 835 ficibus
369 755 669 854 respondentibus
691 757 887 831 secundum
911 757 1024 832 edicta
1049 761 1288 830 Romanorum
1308 781 1329 831 a

219 876 346 975 qulbus
366 874 493 947 servati
512 879 597 946 sunt
617 875 759 947 Asiatici
784 874 954 962 artifices,
976 881 1011 947 et
1032 874 1142 969 priori
1169 878 1328 970 ternpore

219 994 374 1067 studium
394 996 427 1064 et
447 989 714 1064 aemulationem
739 989 932 1065 habuerint
957 989 1001 1063 ad
1021 991 1214 1064 certamina
1220 1044 1325 1063 .......

218 1088 349 1204 placuit
374 1103 525 1200 collegio
547 1106 769 1179 scenicorum
794 1105 971 1180 artificum
976 1160 1075 1180 .......
1099 1107 1240 1180 mittere
1258 1105 1329 1180 duo

219 1221 393 1311 tibicines,
411 1221 482 1293 duo
498 1222 686 1317 tragoedos,
707 1209 779 1295 duo
794 1222 989 1310 cumolos,
1007 1221 1257 1312 citharoedum,
1279 1221 1331 1294 ci-

221 1337 415 1424 tharistam,
434 1343 473 1409 ut
488 1345 655 1433 peragant
670 1335 735 1410 deo
753 1338 881 1410 choros
900 1336 1098 1411 secundum
1113 1340 1226 1434 patria
1240 1339 1334 1435 ipso-

222 1477 300 1527 rum
317 1454 489 1543 instituta,
502 1452 695 1526 attribuere
706 1476 786 1528 vero
796 1461 830 1528 et
843 1477 967 1527 eorum
979 1476 1124 1550 operas;
1137 1478 1197 1528 eos
1212 1461 1331 1527 autem

221 1570 426 1666 quicunque
451 1567 611 1642 attributi
638 1568 782 1655 luerint,
802 1569 970 1665 perficere
993 1571 1240 1667 Dionysiorum
1258 1595 1334 1644 cer·

220 1687 352 1759 tamine
375 1687 473 1759 statis
491 1685 725 1782 temporibus,
753 1687 790 1758 in
816 1685 984 1759 omnihus
997 1686 1190 1760 obsecutos
1215 1691 1334 1760 lasan-

220 1804 311 1874 sium
326 1800 476 1897 legibus
492 1803 528 1876 Si
542 1802 622 1897 quis
636 1825 717 1874 vero
732 1825 774 1874 ex
788 1803 830 1874 iis
845 1802 906 1899 qui
920 1802 1080 1876 attributi
1095 1803 1238 1890 luerint,
1259 1827 1333 1878 non

221 1917 372 1992 adfuerit
389 1918 455 1991 lasi
475 1916 529 1991 vel
548 1920 741 1992 certamina
759 1942 830 1992 non
849 1920 1031 2015 peregerit,
1057 1919 1165 1992 solvat
1185 1919 1333 2018 collegio

221 2035 442 2109 scenicorum
469 2034 645 2108 artificum
671 2033 769 2108 mille
795 2033 983 2107 drachmas
996 2036 1234 2122 antiochicas,
1258 2036 1333 2108 sine

220 2152 458 2240 excusatione,
473 2152 538 2224 deo
554 2151 823 2238 consecrandas,
838 2151 905 2222 nisi
914 2143 1126 2225 valetudinis
1137 2159 1197 2225 aut
1206 2152 1335 2225 hiemis

222 2291 327 2341 causa
346 2268 556 2364 nequiverit.
577 2268 668 2340 Huic
684 2274 803 2340 autem
817 2269 859 2341 sit
879 2267 1023 2342 mulctae
1041 2269 1231 2359 exeusatm,
1243 2291 1335 2342 cau-

223 2408 296 2457 sam
317 2385 434 2480 agenti
451 2383 543 2478 apud
558 2383 731 2480 populum
746 2382 952 2482 (artificum)
969 2392 1004 2458 et
1023 2385 1207 2458 manifesta
1223 2407 1335 2482 argu-

163 2499 165 2502 ‘
224 2506 343 2572 menta
358 2498 517 2571 afferenti
531 2507 650 2596 atque,
668 2500 747 2572 latis
757 2499 943 2596 suffragiis,
960 2500 1121 2574 absoluto
1136 2500 1335 2574 secundum

222 2616 349 2713 legem.
375 2671 477 2690 .......
500 2618 619 2713 Legati
641 2616 813 2713 designati
833 2624 941 2691 sunt:
962 2618 1141 2693 Plutiades
1164 2619 1336 2721 citharoe-

223 2733 301 2819 dus,
320 2733 550 2829 Lysimachus
577 2733 830 2829 tragaediarum
857 2741 972 2829 poeta,
993 2735 1211 2809 Nicostratus
1227 2759 1336 2831 syna-

223 2849 362 2943 gonista
380 2849 547 2946 tragicus.
568 2847 623 2920 llli
642 2848 801 2921 attributi
820 2849 963 2922 luerunt
981 2874 1064 2922 eum
1081 2852 1197 2946 operis
1219 2877 1227 2924 :
1246 2851 1336 2924 tibi-

223 2966 331 3053 cineS,
344 2964 530 3053 TimocleS,
547 2966 700 3052 Phaetas3
725 2964 883 3061 tragoedi,
900 2967 1121 3054 Posidonius,
1140 2965 1332 3062 Sosipater;

224 3081 387 3168 comoedi,
410 3080 665 3176 Agatharchus,
685 3081 841 3168 llloerias3
864 3078 1093 3170 citharaedus,
1110 3082 1332 3171 Zenotheus3

224 3196 417 3285 citharista,
430 3195 639 3292 Apollonius
656 3196 809 3269 Samius.
829 3239 875 3249 -
891 3196 1186 3294 Stephanephoro
1201 3197 1336 3295 Apolli-

224 3312 290 3401 nis,
319 3311 424 3385 tertio
452 3317 533 3406 post
559 3316 747 3399 Menetem,
775 3314 925 3408 Tyrtaeo,
951 3315 1170 3409 Apaturione
1198 3338 1332 3403 mense,

224 3433 317 3499 sexta
337 3426 406 3519 die,
425 3434 541 3500 ratum
561 3427 627 3500 luit
642 3425 706 3526 (l).
730 3458 746 3495 »

270 3547 382 3618 Nemo
410 3568 483 3617 non
515 3545 761 3618 animadvertit
788 3547 850 3643 qui
879 3548 922 3619 sit
949 3547 1172 3620 scenicorum
1196 3571 1332 3637 serm03

223 3684 335 3757 quum
367 3662 463 3735 enirn
488 3662 683 3736 amicitiam
709 3666 904 3737 Iasensium
925 3670 959 3737 et
979 3663 1197 3761 diligentiam
1214 3666 1250 3737 iu
1272 3666 1336 3740 ob-

223 3778 402 3850 servandis
434 3777 574 3874 collegii
602 3779 750 3852 decretis
776 3776 994 3867 collaudant,
1020 3787 1126 3877 atque
1154 3782 1336 3879 religionis

223 3893 400 3967 solvendae
414 3894 573 3967 studium
591 3919 697 3967 suum
713 3901 748 3968 et
764 3894 899 3968 honum
920 3896 1082 3968 animum
1100 3920 1182 3993 erga
1202 3905 1336 3972 veteres

223 4010 354 4083 amicos
368 4016 402 4082 et
417 4011 531 4083 socios
541 4006 735 4097 declarant,
750 4033 792 4083 ea
801 4033 945 4106 prorsus
957 4018 1009 4086 est
1022 4014 1135 4087 oratio
1146 4015 1335 4089 hominum

222 4127 282 4220 qui
302 4127 437 4200 invitati
463 4132 498 4200 et
528 4128 638 4224 rogati
669 4126 886 4199 beneficium
908 4126 1106 4204 concedant
1126 4138 1161 4205 et
1180 4155 1221 4205 ea
1238 4156 1336 4229 prae-

221 4240 378 4315 scribant
392 4265 472 4339 quae
493 4243 578 4338 ipsis
599 4242 811 4338 placuerint,
830 4244 941 4340 magis
961 4268 1069 4342 quam
1089 4247 1266 4322 artificum
1282 4248 1335 4323 lo-

261 4488 303 4567 (l)
323 4489 364 4550 Le
379 4490 439 4551 Bas
452 4494 485 4551 et
499 4488 723 4568 Waddington‚
739 4491 833 4555 lusor.
849 4490 1115 4574 d'Asie-Mciceure„
1126 4497 1197 4558 281.
