3120 5302
703 527 861 586 ..38-

282 687 297 724 u
315 659 382 729 Dii.
403 660 428 728 E
444 659 639 731 Metron...
671 658 805 733 Placuit
827 654 1136 754 Amphictionibus
1162 659 1195 725 et
1217 651 1337 725 hiero·

224 772 476 848 mnemonibus
486 780 520 846 et
530 777 700 870 agoratris
712 784 747 849 et
757 775 915 872 synedris
926 772 1096 847 universis
1109 768 1338 843 inviolatoset

225 893 405 964 immunes
416 913 490 963 esse
501 890 653 963 artifices
665 895 725 987 qui
740 898 823 964 sunt
840 891 1004 976 Athenis;
1020 911 1065 961 ne
1080 887 1183 959 liceat
1198 884 1337 957 trahere

222 1008 339 1081 ullum
365 1007 536 1080 artificem
560 1031 676 1104 neque
709 1007 803 1081 bello
828 1030 944 1103 neque
971 1028 1071 1102 pace,
1099 1025 1217 1100 neque
1246 1009 1337 1074 terra

222 1147 337 1220 neque
364 1123 475 1213 mari;
501 1125 563 1197 sed
586 1124 656 1197 illis
680 1126 830 1220 supersit
854 1123 1060 1196 immunitus
1087 1127 1121 1193 et
1146 1118 1333 1204 securitas,

216 1243 293 1334 jam
308 1241 407 1334 prius
423 1237 466 1312 ab
482 1238 650 1312 omnibus
667 1241 798 1312 Graecis
816 1260 982 1311 concessa
993 1263 1001 1323 ;
1025 1237 1092 1308 sint
1112 1241 1231 1307 autem
1251 1232 1335 1305 arti·

221 1352 305 1423 fices
326 1352 506 1423 immunes
529 1349 627 1424 omni
648 1350 775 1424 militia
795 1357 831 1424 et
845 1351 1000 1424 terrestri
1024 1355 1058 1421 et
1083 1347 1274 1431 maritirna,
1297 1349 1358 1417 ut.

219 1466 295 1539 deis
309 1467 458 1564 legitimi
473 1467 641 1555 honores,
665 1490 817 1562 quorum
839 1467 949 1564 gratia
967 1465 1120 1538 instituti
1140 1470 1224 1536 sunt
1244 1461 1336 1534 arti-

219 1583 317 1671 fices,
343 1591 556 1679 peragantur
581 1583 679 1655 statis
707 1582 942 1679 temporibus,
968 1605 1080 1678 quum
1109 1581 1163 1654 eis
1194 1579 1336 1675 negotia

219 1700 393 1773 facessere
408 1700 542 1772 nemIni
560 1699 665 1772 liceat
678 1706 711 1772 et
726 1700 793 1794 ipsi
813 1699 883 1773 sint
904 1701 995 1772 sacri
1014 1697 1058 1771 ad
1080 1696 1229 1772 deorum
1250 1695 1336 1792 legi·

218 1817 326 1890 timos
337 1816 504 1889 honores.
520 1816 662 1888 Nemini
679 1839 762 1889 vero
780 1815 885 1889 liceat
896 1815 1039 1889 trahere
1053 1814 1225 1888 artificem
1240 1812 1335 1887 bello

218 1940 279 2005 aut
305 1955 391 2028 pace
413 1955 530 2029 neque
555 1932 631 2028 ejus
654 1956 711 2005 res
734 1955 879 2028 rapere,
904 1933 972 2005 nisi
1000 1934 1079 2028 quis
1102 1930 1148 2004 ob
1175 1929 1336 2005 debitum

219 2049 350 2121 civitati
365 2047 539 2123 obnoxius
563 2049 607 2122 sit
622 2056 682 2122 aut
697 2050 860 2146 privatim
883 2050 1008 2146 privati
1029 2048 1167 2123 debItor
1182 2048 1227 2120 sit
1246 2045 1334 2120 arti-

217 2164 286 2237 fex.
306 2165 340 2239 Si
361 2167 439 2261 quis
453 2189 536 2239 vero
551 2164 607 2237 his
629 2167 805 2240 contraria
821 2166 958 2252 fecerit,
980 2167 1068 2239 ratio
1089 2162 1273 2238 reddenda
1293 2162 1336 2236 sit

218 2279 312 2377 apud
323 2282 593 2377 AmphIctiones
606 2289 642 2354 et
654 2283 720 2377 ipsi
736 2291 769 2355 et
780 2282 911 2356 civitati
926 2283 963 2354 in
979 2304 1049 2377 qua
1063 2282 1195 2377 injuria
1207 2280 1336 2368 artifici

218 2397 322 2470 suerit
342 2397 451 2470 illata.
482 2397 641 2493 Supersit
666 2404 783 2470 autem
809 2405 842 2470 et
868 2398 1076 2470 immunitas
1102 2404 1137 2471 et
1165 2396 1335 2470 securitas

218 2513 300 2585 data
316 2512 360 2585 ab
376 2512 688 2608 Amphiotionibus
703 2513 899 2587 artificibus
919 2515 981 2610 qui
1006 2520 1087 2586 sunt
1104 2513 1269 2603 Athenis,
1297 2515 1335 2587 in

218 2651 325 2701 omne
342 2636 495 2725 tempus,
520 2653 633 2726 quum
653 2631 725 2703 sint
748 2632 837 2704 sacri
856 2639 889 2704 et
911 2629 1083 2704 iquolati.
1116 2630 1248 2703 Scribis
1276 2653 1337 2703 cu-

220 2744 373 2819 randum
388 2746 432 2818 sit
455 2753 492 2819 ut
510 2745 579 2819 hoc
599 2747 782 2819 decretum
797 2746 928 2819 tabulae
953 2770 1160 2820 marmoreae
1175 2747 1335 2820 incidant

217 2862 303 2934 etin
322 2862 456 2958 templo
476 2869 691 2959 proponant,
714 2864 854 2937 mittant
869 2886 1014 2959 -quoque
1032 2861 1076 2935 ad
1101 2863 1335 2936 Athenienses

216 2978 325 3074 hujus
349 2980 482 3052 decreti
513 2978 718 3075 exemplum
748 2979 987 3076 obsignatum,
1017 2987 1056 3051 ut
1088 2979 1201 3051 sciant
1224 2978 1336 3050 Athe-

218 3095 359 3166 menses
375 3095 684 3190 Amphictionibus
698 3096 850 3168 maxime
866 3096 964 3168 cordi
981 3118 1057 3167 esse
1069 3118 1152 3191 erga
1163 3093 1249 3168 deos
1267 3096 1337 3189 pie-

141 3275 143 3279 .
219 3215 326 3281 tatem
354 3216 390 3282 et
422 3210 648 3306 comprobari
679 3211 898 3307 rogationem
938 3212 1135 3299 artificum,
1170 3213 1337 3309 ipsosque

219 3327 360 3399 studere
378 3334 416 3397 ut
436 3328 473 3398 in
489 3326 651 3398 futurum
666 3327 793 3400 ethaeo
811 3335 949 3402 servent
964 3329 1002 3399 in
1024 3350 1131 3401 omne
1147 3335 1289 3425 tempus
1303 3333 1337 3400 et

220 3440 395 3537 quidquid
421 3441 521 3515 aliud
539 3441 625 3515 boni
655 3442 811 3516 habeant
830 3442 1095 3517 decernendum
1115 3441 1159 3515 de
1188 3441 1336 3515 scenicis

220 3557 428 3631 artifierus.
449 3560 570 3654 Legati
590 3566 692 3632 erant
706 3558 928 3655 Astpdamas,
950 3558 1203 3656 tragediarum
1217 3565 1335 3654 poeta,

221 3672 463 3748 Aristodemus
481 3678 523 3769 (l)
542 3674 732 3771 tragoedus.

279 3788 342 3857 «II
372 3787 518 3861 Metroo.
550 3790 770 3861 Demostrato
803 3788 993 3876 archonte,
1027 3810 1148 3860 mense
1177 3785 1337 3862 Boedro-

221 3901 351 3973 mione.
368 3903 564 3976 Consilium
588 3904 882 4000 Amphictionum
909 3904 1183 3978 Atheniensium
1201 3904 1338 3978 senatui

221 4024 256 4089 et
273 4018 407 4114 populo
427 4019 592 4093 salutem.
618 4023 737 4106 Quum
753 4019 796 4094 ad
817 4043 881 4093 nos
905 4021 1068 4094 veueriut
1094 4019 1198 4116 legati
1226 4019 1338 4093 artifi-

219 4232 356 4310 Repetiit
370 4251 408 4292 ex
421 4234 564 4313 exemplo
579 4252 681 4312 graeco
692 4239 723 4294 et
737 4234 902 4294 chartaceo
916 4239 991 4313 typo
1001 4235 1152 4295 Wesoher
1163 4233 1338 4314 (Memoires

219 4328 378 4404 presentes
401 4327 628 4388 dl'Academie
653 4328 706 4388 des
729 4328 940 4406 inscriptions,
965 4334 989 4389 t.
1012 4329 1091 4403 VIII,
1116 4348 1148 4408 p.
1170 4329 1252 4410 202).
1271 4330 1337 4408 Ipse

220 4419 324 4478 denuo
338 4420 467 4481 titulum
481 4421 636 4495 recensui,
654 4439 747 4500 quem
762 4421 866 4499 aliqua
881 4428 1019 4499 exparte
1035 4428 1163 4483 auctum
1177 4429 1208 4483 et
1219 4423 1339 4503 aliquot

219 4513 296 4572 loeis
307 4515 509 4574 emendatum
522 4515 639 4593 publici
652 4516 733 4593 juris
743 4516 846 4576 facore
860 4516 942 4583 mihi
954 4516 988 4575 in
1002 4516 1181 4603 animolest.
