3120 5302
810 521 970 580 ..56-

330 675 410 723 nus.
429 651 608 725 Modicum
621 653 735 744 risum
748 653 814 726 suit
830 654 917 726 duas
929 654 1115 726 drachmas
1134 676 1198 750 pro
1218 655 1330 742 mina,
1343 653 1380 726 id
1397 660 1448 726 est

329 768 468 840 circiter
487 772 589 857 151,
610 768 760 863 exigere,
778 789 889 863 quum
909 766 1158 863 praescribatur
1174 790 1219 840 ne
1242 767 1446 863 plusquam

330 881 410 955 duae
421 889 587 978 petantur
599 881 611 981 (
616 880 662 980 l).
682 883 793 979 Igitur
803 884 1062 980 quinquaginta
1076 883 1181 956 minae
1196 884 1293 956 idem
1309 884 1449 957 valeant

330 998 427 1094 quod
447 1005 549 1072 aetate
574 1008 693 1072 nostra
716 998 789 1073 1616
815 1000 990 1072 ducentae.
1016 997 1108 1071 lllud
1128 1022 1271 1095 queque
1287 998 1450 1073 animad-

330 1116 552 1203 vertendum,
564 1115 727 1189 eamdem
738 1139 877 1212 semper
888 1116 1104 1206 mercedem,
1118 1117 1324 1212 quicunque
1336 1116 1447 1189 futuri

330 1231 400 1302 sint
415 1231 577 1316 artifices,
593 1229 812 1318 solvendan1;
832 1255 874 1304 ex
889 1255 960 1328 quo
975 1237 1118 1328 apparet
1132 1255 1203 1303 non
1219 1239 1291 1304 tam
1306 1231 1446 1304 artificii

234 1443 237 1449 Ι
330 1370 439 1444 quam
457 1346 637 1444 religionis
649 1345 876 1421 observandae
893 1347 1067 1422 studiosos
1080 1348 1186 1420 luisse
1198 1351 1444 1445 Ceramenses.

380 1462 483 1534 Haud
510 1462 662 1535 alienam
683 1485 703 1534 a
722 1463 844 1558 priori,
860 1484 1065 1558 quanquam
1088 1485 1161 1535 uon
1180 1463 1327 1536 omnino
1347 1463 1446 1534 simi-

331 1576 402 1650 lem
427 1580 600 1651 rationem
622 1577 765 1650 exhibet
786 1578 981 1650 Iasensium
1006 1601 1059 1651 res
1083 1578 1235 1665 scenica,
1262 1577 1306 1651 ad
1340 1601 1446 1676 quam

330 1695 547 1790 pertinentes
571 1693 701 1767 tabulae
725 1716 797 1767 non
816 1693 935 1765 minus
956 1717 1063 1790 quam
1085 1717 1210 1768 novem
1235 1701 1270 1768 et
1288 1695 1447 1791 quadra-

330 1811 426 1906 ginta
442 1811 676 1883 innotuerunt
684 1808 749 1908 (2)
770 1807 864 1882 lllud
880 1831 964 1883 sane
979 1809 1045 1881 luit
1061 1813 1211 1882 fortunae
1231 1809 1443 1896 ludibrium,

332 1949 444 2022 quum
462 1926 498 1997 in
520 1926 681 1997 araximis
700 1932 806 2021 atque
828 1926 958 1998 artium
982 1925 1231 1998 amantissimis
1246 1924 1446 1999 civitatibus

330 2041 492 2131 Athenis,
511 2041 701 2136 Syracusis,
717 2047 812 2114 tanta
826 2047 1025 2136 poetarum,
1044 2046 1215 2126 actorum,
1227 2042 1445 2131 musicorum

332 2159 445 2254 copia,
468 2163 565 2230 tanta
579 2155 697 2245 laude,
720 2154 783 2230 ubi
797 2155 923 2229 litteris
941 2155 1094 2253 publicis
1112 2158 1246 2255 signata
1262 2158 1378 2232 luerat
1393 2182 1447 2231 re-

332 2296 412 2344 rum
428 2273 648 2346 scenicarum
664 2272 851 2359 memoria,
869 2295 888 2345 e
905 2276 955 2345 tot
976 2271 1211 2345 marmoribus
1233 2273 1363 2370 quibus
1384 2275 1446 2347 in-

332 2387 543 2461 cidebantur
558 2388 730 2462 victorum
748 2389 909 2476 nomina,
927 2412 947 2461 e
962 2394 1011 2461 tot
1030 2387 1129 2459 libris
1147 2388 1277 2485 quibus
1297 2413 1339 2462 ea
1357 2388 1447 2463 dili-

331 2511 454 2602 genter
468 2504 616 2601 repetita
632 2505 819 2600 scriptores
838 2503 1070 2593 tradiderant,
1087 2505 1231 2601 vestigia
1250 2505 1445 2579 admodum

332 2620 457 2715 exigua
476 2625 536 2692 aut
553 2621 701 2692 omnino
718 2618 820 2692 nulla
834 2620 1011 2716 supersint
1018 2646 1027 2707 3
1047 2642 1089 2690 ex
1106 2643 1178 2691 uno
1197 2627 1320 2693 contra
1333 2621 1445 2694 Cariae

324 2736 515 2834 oppidulo,
537 2743 571 2810 et
590 2760 631 2810 eo
648 2735 792 2833 quidem
808 2735 851 2809 ab
867 2737 1022 2832 antiquis
1036 2735 1082 2809 ob
1096 2737 1265 2832 ineptiam
1281 2738 1332 2812 rei
1350 2737 1446 2811 ludi-

331 2876 400 2925 crae
427 2852 529 2925 irriso
548 2850 615 2949 (3),
633 2852 760 2924 theatri
784 2852 939 2924 rationes
966 2875 1030 2946 per
1055 2850 1288 2949 quadraginta
1312 2861 1347 2926 et
1374 2855 1444 2929 duo

330 2992 442 3042 annos
471 2966 664 3066 (raa-me)
695 2967 768 3041 iere
795 2967 947 3064 integras
973 2967 1018 3039 ad
1045 2976 1202 3064 posterus
1228 2970 1442 3064 pervenisse.

331 3090 519 3183 Utcunque
532 3092 596 3171 est,
612 3106 725 3181 quum
744 3105 872 3178 magna
891 3081 952 3155 illa
972 3080 1228 3171 desiderentur,
1246 3107 1354 3180 parva
1368 3087 1445 3159 haec

330 3201 461 3273 lucrari
476 3200 614 3298 jurabit
636 3205 672 3270 et
690 3221 732 3271 ex
752 3199 819 3288 eis,
844 3197 927 3270 licet
952 3206 1194 3290 extenuatam,
1220 3200 1272 3272 rei
1296 3203 1444 3276 scenicae

330 3315 485 3413 effigiem
505 3337 679 3411 quaerere.

380 3437 421 3505 ln
445 3431 589 3528 agendis
614 3430 743 3503 annuis
765 3430 892 3503 Bacchi
918 3431 1028 3520 161111,
1057 3435 1214 3504 Iasenses
1231 3433 1332 3527 prius
1352 3435 1444 3507 nihil

330 3547 428 3622 aliud
447 3569 756 3646 quampompam,
784 3546 913 3619 choros
934 3546 1053 3619 civiles
1076 3554 1111 3619 61
1134 3547 1306 3620 sacrificia
1321 3548 1444 3623 edide-

332 3672 434 3752 runt;
467 3662 504 3736 id
526 3670 654 3736 ⁴autem
681 3660 883 3757 sumptibus
912 3662 1064 3758 publicis
1089 3667 1340 3757 procuratum,
1377 3666 1443 3738 nisi

329 3781 550 3877 agonotheta
566 3778 811 3852 munificentia
827 3778 1439 3882 16101616611116161111616116111).

366 4040 409 4120 (1)
430 4036 616 4116 Exemplum
629 4035 733 4096 videas
749 4035 879 4096 foenoris
892 4041 1027 4115 quatuor
1041 4035 1260 4097 drachmarum
1274 4055 1332 4116 pro
1346 4040 1440 4115 mina,

328 4134 452 4196 circiter
467 4134 505 4192 50
520 4130 588 4209 Olli,
606 4130 639 4189 in
659 4129 772 4208 Gythio
789 4130 893 4205 titula,
914 4129 1045 4191 Caesaris
1065 4136 1167 4191 aetate.
1182 4134 1224 4192 Le
1240 4133 1299 4192 Bas
1316 4139 1348 4194 et
1367 4137 1442 4196 Fou-

327 4235 404 4305 cart,
420 4228 514 4287 Inscr.
531 4223 571 4284 du
584 4223 790 4303 Peloponndse,
805 4227 862 4284 242
876 4244 904 4284 o.

365 4323 407 4403 (1)
428 4323 471 4381 Le
483 4320 543 4379 Bas
554 4324 586 4379 et
598 4318 823 4396 Waddington,
842 4317 935 4379 Inscr.
951 4316 1361 4395 α”Α116-Μ11161116,151-199.

365 4419 404 4495 (3)
427 4413 553 4487 Straba,
567 4412 646 4486 xlv,
662 4428 696 4486 u,
713 4415 763 4472 2¹.

367 4510 408 4588 (l)
431 4509 469 4568 Le
485 4508 544 4566 llas
560 4511 592 4566 et
607 4505 831 4584 Waddington,
847 4505 939 4565 Inscr.
956 4503 1213 4583 d'Asr‘c-Minenre,
1227 4510 1299 4568 253.
1371 4557 1374 4568 .
