3120 5302
695 498 852 559 ..72-

218 659 289 732 qua
304 639 410 706 mota
429 637 512 704 sunt
532 628 654 703 multae
673 630 941 727 disputationes.
958 634 1160 706 Occurrunt
1180 635 1275 708 61111
1298 634 1335 706 11

218 750 345 828 iisdem
370 748 500 823 tabulis
521 747 669 844 tragoedi
688 772 831 846 quoque
854 755 889 821 et
908 749 1073 824 comoedi.
1104 753 1200 835 Quos
1223 774 1337 848 quum

219 867 409 940 Boechhius
430 864 733 937 animadvertisset
756 888 829 938 non
849 864 1019 961 appellari
1036 872 1193 957 actores,
1220 890 1338 963 neque

218 992 404 1082 poetarum
423 981 569 1055 nomina
583 980 726 1069 referri,
747 1005 825 1053 eam
846 1005 974 1054 noram
998 982 1256 1078 interpretandi
1276 1007 1340 1057 ra-

217 1103 352 1176 tionem
365 1098 570 1195 excogitavit
591 1125 606 1164 o
621 1121 695 1171 non
711 1097 792 1169 illos
804 1122 879 1171 esse
895 1098 1084 1172 histriones
1099 1098 1159 1172 sed
1177 1108 1339 1173 cantores

220 1218 366 1314 lyricos;
395 1213 563 1288 eumdem
586 1237 660 1287 esse
677 1219 816 1311 poetam
841 1220 876 1288 et
898 1215 1092 1303 musicum3
1120 1239 1202 1290 suos
1219 1240 1341 1291 versus

222 1334 389 1409 cecinisse
416 1328 591 1427 tragoedos
609 1336 642 1403 et
666 1328 864 1416 comoedos„
886 1337 925 1403 ut
952 1330 1068 1427 elegos
1096 1333 1340 1406 1101160116-

221 1455 307 1524 1011
322 1454 454 1520 veteres
469 1445 614 1534 auloedi,
637 1468 764 1519 nomos
781 1470 863 1520 suos
878 1446 1124 1521 citharoedicos
1138 1449 1340 1523 citharoedi.
1446 1466 1448 1471 ’

223 1568 348 1662 Liquet
368 1569 472 1641 καινήν
488 1585 557 1635 101
572 1585 647 1634 esse
668 1585 794 1636 novam
807 1563 913 1635 reteri
929 1565 1138 1659 oppositam,
1155 1565 1216 1638 sed
1230 1588 1343 1661 genus

223 1683 318 1757 aliud
336 1681 388 1754 illi
408 1681 555 1775 antiquo
572 1679 693 1774 generi
709 1679 924 1774 oppositum.
948 1679 1053 1767 Quod
1068 1705 1180 1776 quum
1199 1682 1244 1754 sit
1261 1681 1344 1755 dra-

223 1799 410 1884 maticum,
441 1803 538 1869 vetus
566 1793 656 1867 illud
687 1795 884 1869 necessario
914 1802 965 1868 cst
993 1795 1143 1891 lyricum
1172 1797 1343 1894 judican-

224 1914 309 1989 dunr
328 1943 365 1985 a.
396 1916 511 1998 Quam
530 1911 744 1983 sententiam
769 1911 1046 2007 pertinacissime
1068 1910 1233 2008 pluribus
1253 1912 1343 1987 locis

225 2028 397 2104 defendit.
423 2031 514 2101 Hinc
534 2025 736 2099 inauditum
754 2025 826 2099 illis
841 2027 1061 2123 temporibus
1077 2052 1189 2125 genus
1210 2032 1346 2102 carmi·-

227 2170 330 2236 num,
348 2143 541 2220 comoedias
552 2151 587 2216 et
603 2144 790 2240 tragoedias
803 2142 928 2239 lyricas
944 2144 1046 2217 finxit
1065 2154 1099 2218 61
1115 2146 1248 2220 multos
1267 2147 1344 2243 ejus

228 2263 368 2362 generis
386 2267 574 2357 poetarum
593 2283 745 2333 numero
766 2260 918 2332 inseruit
939 2266 999 2349 (l).

277 2383 364 2465 Quae
392 2399 504 2474 quum
533 2376 621 2448 mihi
648 2399 774 2472 parum
803 2375 1053 2473 probarentur,
1087 2379 1255 2453 adversus
1281 2382 1347 2454 riri

229 2495 422 2569 doctissimi
438 2494 684 2566 auctoritatem
699 2499 906 2588 argumenta
919 2495 1142 2589 quaesieram,
1168 2520 1249 2594 quae
1263 2522 1349 2594 sup·
1444 2508 1448 2516 '

230 2609 436 2709 peditabant
463 2608 571 2682 tituli.
608 2609 738 2682 Mirum
766 2610 863 2681 euim
890 2609 1075 2684 ridebatur
1105 2613 1172 2685 lasi
1207 2620 1347 2687 tantum

171 2816 172 2819 Ἴ
230 2727 404 2826 placuisse
424 2727 460 2799 id
479 2749 591 2822 genus
604 2724 722 2821 lyricae
743 2725 926 2798 comoediae
944 2733 978 2800 et
995 2729 1175 2824 tragoediae
1190 2737 1230 2802 ut
1245 2739 1349 2828 quot·

231 2847 332 2919 annis
351 2843 423 2916 duo
444 2843 632 2939 tragoedos,
662 2843 733 2915 duo
752 2842 932 2916 comoedos
946 2844 1070 2917 audire
1089 2844 1237 2936 vellent,
1260 2847 1351 2920 nul-

232 2961 308 3034 lum
333 2967 451 3033 autern
473 2959 651 3055 tragrediae
677 2967 711 3031 et
735 2960 920 3032 comoediae
949 2959 1152 3036 dramaticae
1177 2969 1347 3038 actorem.

233 3078 342 3153 Multo
362 3077 472 3172 magis
492 3078 598 3149 etiam
620 3074 828 3171 displicebat
841 3076 1003 3149 Boeclrhii
1023 3079 1158 3174 opinio,
1177 3103 1292 3176 quum
1313 3082 1351 3153 in

234 3194 454 3268 Soteriorum
484 3191 614 3264 tabulis
639 3190 762 3264 decem
789 3215 911 3288 greges
933 3195 1193 3290 tragoedorum,
1226 3197 1351 3271 decem

238 3308 505 3397 comoedorum,
535 3331 618 3380 com
643 3307 822 3381 didascalo
847 3333 925 3398 suo,
948 3310 1051 3406 cujus
1077 3310 1200 3384 nullus
1230 3313 1353 3387 fuisset

236 3450 332 3514 usus,
348 3426 376 3497 si
392 3447 456 3497 sua
470 3424 629 3498 carmina
644 3425 868 3516 cecinissent,
885 3425 1161 3522 descripsissem.
1177 3431 1350 3521 Tandem,

236 3545 349 3641 quum
364 3541 523 3614 Boechhii
535 3542 689 3614 rationes
701 3543 945 3638 perpendenti,
964 3549 1042 3615 tum
1056 3545 1272 3640 opponenda
1287 3554 1354 3621 tes·

236 3659 385 3732 timonia
396 3656 574 3730 ordinanti
587 3657 824 3730 certissimum
837 3667 1087 3755 argumentum
1100 3662 1354 3760 attulittitulus

237 3774 474 3870 Thespiensis,
499 3782 593 3846 anno
613 3779 718 3863 1868,
737 3773 873 3870 publici
889 3775 979 3872 juris
1007 3776 1133 3850 lactus.
1161 3781 1297 3874 Nempe
1319 3782 1354 3850 in

239 3890 395 3986 catalogo
412 3890 652 3976 orchomenio
668 3890 870 3964 invenimus
889 3919 896 3962 :
920 3893 1073 3990 epinicia
1091 3894 1174 3966 vicit
1191 3895 1356 3969 comoedus

239 4006 419 4081 Euarchus
434 4006 604 4079 Herodoti
626 4008 841 4079 Coronensis
862 4006 927 4106 (2).
949 4012 989 4080 ln
1010 4009 1073 4082 illo
1102 4017 1220 4084 autem
1246 4013 1355 4086 Thes-

239 4125 356 4221 piensi
378 4149 386 4197 :
406 4135 500 4196 octor
519 4124 638 4195 1116111
656 4123 824 4196 comedite
844 4125 1025 4198 Euarchus
1053 4128 1224 4201 Herodoti
1248 4129 1355 4204 Coro·

276 4402 318 4483 (l)
344 4401 456 4481 Corpus
470 4400 557 4463 inser.
574 4421 636 4482 pra,
652 4408 676 4464 t.
691 4404 715 4480 1,
732 4423 763 4483 p.
780 4408 838 4467 ’163
852 4411 883 4466 61
897 4410 966 4468 166.

276 4497 317 4576 (1)
343 4495 455 4575 Corpus
468 4495 555 4558 111111.
571 4516 633 4576 pr„
652 4498 779 4570 1683,1.
798 4502 904 4562 abac.
