3120 5302
780 519 941 582 ..74-

302 653 488 728 tummodo
499 660 634 727 actores
644 652 802 727 fabulam
816 654 941 750 egisse.
956 655 1076 742 Quum
1089 677 1167 728 vero
1181 655 1219 727 hi
1230 655 1422 753 aliquando

303 796 376 846 non
391 772 581 844 rideantur
600 771 755 844 ferendis
773 771 942 845 omnibus
954 773 1114 868 personis
1133 794 1284 852 numero
1303 797 1421 869 pares,

303 888 395 961 illud
411 887 612 984 conjiciam,
637 887 715 960 fieri
732 889 887 984 potuisse
909 895 948 962 ut
975 890 1037 984 qui
1061 889 1208 986 primas,
1231 891 1418 980 secundas

302 1007 422 1079 tertias
447 1011 562 1101 partes
588 1005 815 1096 sustinerent,
841 1006 866 1078 ii
885 1005 950 1079 soli
969 1020 1130 1079 actorum
1157 1006 1305 1080 nomine
1325 1007 1423 1104 digni

303 1122 521 1195 haberentur
527 1149 537 1211 3
555 1122 678 1213 ceteri,
696 1123 833 1196 etiamsi
851 1123 889 1195 in
909 1146 1053 1195 scenam
1068 1121 1253 1219 prodirent
1270 1131 1305 1197 et
1317 1125 1423 1199 verba

303 1239 1419 1341 lacerent,intoroperasnoninteractoresnumerarentur(t).

351 1358 526 1454 Antiquas
553 1355 741 1451 tragoedias
763 1357 872 1452 repeti
893 1362 927 1429 et
950 1357 1088 1429 actitari
1117 1357 1237 1430 solitas
1258 1357 1368 1430 luisse
1388 1364 1422 1431 et

304 1473 382 1546 haec
410 1479 443 1546 et
479 1473 548 1546 alia
584 1472 787 1546 testimonia
819 1473 900 1545 satis
933 1473 1191 1547 demonstrant.
1229 1477 1419 1564 Ceterum,

304 1598 439 1689 quanto
467 1592 605 1667 honore
632 1593 739 1665 luerit
767 1592 948 1688 tragoedia,
978 1590 1071 1666 illud
1098 1592 1252 1666 declarat
1278 1595 1423 1690 quoda

303 1717 437 1806 septem
458 1708 582 1805 legatis
605 1733 694 1805 quos
714 1709 759 1782 ad
784 1709 1079 1805 Amphictionum
1104 1709 1294 1784 consilium
1326 1710 1423 1784 misit

302 1825 457 1899 Atticum
482 1823 692 1922 collegium,
717 1826 877 1922 quinque
902 1827 971 1898 sint
996 1824 1261 1923 hypodidascali
1280 1827 1419 1922 tragici.

301 1941 411 2015 Aliud
437 1943 543 2014 etiam
563 1941 721 2014 alleram.
745 1943 866 2029 Quum
892 1942 930 2014 in
951 1942 1077 2014 insulis
1104 1966 1191 2015 usus
1216 1941 1423 2016 invaluisset

253 2048 255 2052 Α
301 2066 340 2132 ut
356 2059 487 2133 decreti
504 2081 525 2131 a
544 2057 677 2154 populo
693 2058 846 2133 honores
860 2060 898 2132 in
919 2059 1095 2155 Dionysiis
1111 2058 1254 2156 publice
1274 2061 1421 2134 nuntia-

300 2182 435 2263 rentur,
454 2181 489 2248 et
507 2174 659 2248 addatur
673 2199 744 2271 quo
764 2176 801 2247 in
824 2179 1019 2249 certamine
1035 2175 1112 2249 lieri
1128 2175 1254 2249 debeat
1276 2199 1317 2249 ea
1338 2201 1422 2274 pro-

301 2292 478 2380 clamatio,
509 2292 751 2387 comperimus
775 2294 927 2388 AEginae,
962 2292 1160 2383 Salamine,
1186 2295 1287 2383 Teni,
1325 2296 1419 2387 Pari,

302 2410 392 2505 Syri,
410 2409 630 2506 Astypalaea,
652 2411 811 2506 Amorgi,
830 2411 1014 2500 Carthaeae,
1041 2411 1282 2505 tragoedorum
1299 2433 1423 2484 annua

302 2527 496 2599 certamina
517 2527 706 2599 commissa
728 2526 836 2599 fuisse
867 2524 932 2624 (8)
956 2531 1115 2612 Quarum
1144 2526 1326 2599 civitatum
1347 2549 1421 2598 no-

301 2643 399 2714 mina
417 2640 507 2715 forte
525 2647 664 2715 tantum
680 2643 819 2738 prodita
838 2650 921 2715 sunt
932 2669 941 2730 ;
960 2641 1057 2715 unde
1080 2641 1264 2738 probabile
1279 2642 1422 2716 videtur

300 2764 333 2831 et
359 2758 397 2830 in
422 2759 547 2831 ceteris
573 2758 702 2831 insulis
724 2759 911 2854 tragoedias
937 2759 1075 2832 actitari
1108 2757 1249 2848 solitas,
1281 2760 1421 2833 etiamsi

230 2915 235 2924 -
299 2873 422 2947 nullus
437 2873 555 2949 adhuc
581 2875 671 2971 lapis
690 2875 865 2968 ejusmodi
887 2876 1090 2949 certaminis
1112 2877 1334 2949 mentionem
1361 2877 1422 2950 le-

299 2993 397 3066 cerit.

347 3112 388 3181 ln
404 3109 649 3183 comoedorum
664 3109 920 3183 certaminibus
935 3107 1073 3183 fabulas
1088 3107 1283 3199 Menandri,
1298 3110 1420 3185 Phile·

298 3228 414 3300 monis
435 3233 469 3299 et
491 3236 692 3300 ceterorum
713 3225 844 3323 quibus
863 3225 1020 3299 effloruit
1039 3227 1195 3301 Atticum
1222 3227 1416 3316 theatrum,

298 3345 492 3440 saepissime
505 3344 671 3439 repetitas
689 3366 764 3416 esse
785 3343 933 3416 minime
949 3342 1101 3417 dubium
1129 3352 1194 3417 est.
1228 3348 1277 3418 De
1302 3346 1419 3441 prisca

298 3460 474 3535 comoedia
496 3460 653 3556 aliquam
681 3460 919 3555 suspicionem
941 3467 1127 3535 moverunt
1152 3460 1336 3556 Delphicae
1359 3468 1420 3535 ta-

297 3578 405 3652 bulae.
424 3582 560 3673 Nempe
575 3576 707 3649 chorus
723 3576 882 3648 comicus
899 3582 1067 3672 eseptem
1083 3576 1309 3651 saltatoribus
1324 3601 1418 3651 sem·

297 3719 361 3792 per
385 3695 600 3790 compositus
622 3695 659 3764 in
687 3699 841 3788 quatuor
867 3693 1034 3789 catalogis
1056 3694 1278 3766 inscribitur.
1302 3695 1417 3783 Quem

297 3813 415 3886 lorsan
431 3811 606 3885 uomicam
622 3809 863 3897 saltationem,
891 3815 930 3880 ut
955 3808 1141 3882 cordacem
1164 3816 1224 3884 aut
1245 3811 1415 3900 sicinnin,

336 4071 379 4152 (l)
401 4070 494 4149 Apud
519 4069 640 4148 priores
663 4066 881 4147 παραχορήγημα
909 4067 1091 4144 dicebatur,
1119 4067 1145 4128 si
1167 4067 1237 4147 quis
1261 4066 1417 4146 choragus

294 4171 410 4246 praeter
429 4163 537 4225 solitos
551 4170 614 4224 tres
628 4168 749 4223 actores
761 4167 817 4222 aut
830 4166 945 4241 praeter
966 4163 1172 4223 constitutum
1192 4161 1416 4223 choreutarum

293 4277 482 4333 numerum,
508 4258 585 4318 alios
606 4262 696 4318 extra
717 4256 861 4316 ordinem
881 4255 1036 4336 praeberet
1061 4261 1155 4338 atque
1180 4261 1307 4318 ornaret
1327 4254 1416 4335 (vide

292 4354 492 4416 Thesaurum
503 4371 653 4434 graecum,
667 4352 701 4411 in
712 4349 834 4433 verbo).

334 4449 375 4530 (8)
398 4450 440 4510 Le
454 4450 524 4520 Bas,
546 4452 579 4508 4⁸
596 4447 704 4528 partie,
722 4449 810 4517 1688,
830 4449 919 4522 1638,
937 4447 1024 4522 1858,
1042 4448 1132 4521 3097,
1149 4449 1237 4508 1885.
1249 4478 1289 4492 -
1302 4443 1416 4525 Corpus

293 4544 381 4608 iasar.
394 4563 456 4623 pra,
468 4545 559 4620 atat,
576 4543 653 4604 8863
668 4560 695 4617 c,
711 4543 800 4602 8354.
