3120 5302
696 537 856 597 ..12-

218 664 521 764 trrr²(t).httamen
539 691 584 739 ne
598 669 654 740 cui
672 668 783 743 dubio
795 669 1067 765 locussupersit‚
1082 669 1332 764 Delplricarum

221 785 421 858 tabularum
442 786 662 858 mentionem
683 785 824 875 faciam,
847 788 881 858 in
905 786 1173 882 quibusquam
1188 786 1333 861 ducenti

220 901 290 975 1313
309 902 462 976 artifices
478 902 724 990 nominentur,
743 903 905 976 omnium
926 903 1039 997 patria
1058 900 1214 991 additur,
1232 901 1335 997 quin·

218 1016 333 1091 decim
366 1019 507 1092 circiter
536 1024 684 1113 paterno
711 1018 857 1092 nomine
888 1024 1020 1091 carent.
1053 1021 1093 1090 ln
1123 1017 1178 1088 his
1204 1017 1336 1106 etiam,
1378 1068 1380 1071 -

220 1156 332 1228 quum
353 1156 411 1207 eas
433 1155 537 1205 muro
557 1132 679 1228 templi
707 1133 959 1207 inscribentem
977 1133 1128 1230 alicujus
1144 1140 1332 1229 paternum

218 1273 349 1323 nornen
373 1247 550 1344 fugiebat,
574 1248 708 1345 aliquid
735 1250 837 1345 spatii
862 1250 962 1322 vacui
987 1247 1211 1345 relinquebat
1213 1273 1268 1321 ur.
1293 1252 1333 1320 ln

217 1389 290 1438 una
310 1364 445 1454 tabula,
467 1364 560 1437 inter
583 1364 764 1438 saltatores
790 1366 944 1439 comicos
968 1365 1133 1440 Moschus
1151 1345 1334 1458 Sicyonius

219 1480 387 1568 retertur3
420 1480 564 1571 idems
554 1504 592 1552 m
620 1480 759 1553 duabus
778 1480 869 1568 aliis,
896 1480 1015 1554 addito
1040 1481 1148 1576 patris
1171 1482 1330 1569 nomine,

218 1598 384 1671 Moschus
402 1597 544 1671 Sosiclis
560 1597 749 1692 Sicyonius
767 1597 830 1695 (2).
858 1598 955 1670 ldem
972 1597 1105 1670 lactum
1121 1597 1158 1668 13
1175 1596 1333 1694 tragoedo

219 1709 338 1804 Sotylo
363 1709 547 1783 Philoxeni
569 1709 707 1796 AEtolo;
738 1709 831 1782 idem
864 1709 900 1780 in
918 1709 1094 1782 Pantacle
1114 1709 1250 1783 Daalcis
1273 1710 1334 1782 Si-

218 1827 344 1922 cyonio
356 1826 418 1924 (3).
433 1830 483 1898 Ex
498 1849 569 1926 quo
580 1826 662 1898 satis
677 1831 770 1921 patet
786 1833 972 1921 paternum
989 1850 1133 1918 nomen,
1149 1827 1333 1922 siquando

220 1943 257 2014 in
281 1944 409 2016 ceteris
432 1943 603 2016 omissum
630 1949 694 2032 est,
720 1949 779 2014 aut
800 1943 998 2039 ignorantia
1024 1951 1084 2015 aut
1110 1942 1332 2039 casualiquo

220 2067 358 2134 tantum
380 2062 568 2135 effluxisse.
588 2062 694 2136 Nulla
719 2063 826 2158 igitur
842 2062 1016 2135 dubitatio
1036 2069 1192 2158 superest
1209 2084 1333 2134 omnes

220 2179 377 2252 scenicos
398 2179 563 2271 311111331,
588 2181 794 2277 quicunque
814 2178 961 2274 collegia
975 2178 1113 2251 Baccho
1130 2184 1334 2251 consecrata

222 2294 482 2384 constituerint,
501 2297 799 2392 ingenuoscires
829 2295 949 2382 luisse,
986 2317 1101 2390 neque
1136 2295 1242 2367 servis
1273 2301 1334 2366 aut

220 2409 396 2483 libertinis
416 2433 491 2483 rem
511 2417 582 2484 tam
598 2434 747 2501 sacram,
770 2417 841 2483 tam
862 2411 1000 2483 civilem
1018 2408 1173 2484 adeundi
1191 2431 1333 2482 conces·

219 2550 292 2600 sam
308 2527 501 2600 licentiam.

266 2644 453 2717 Declarant
474 2644 580 2716 etiam
605 2643 710 2732 tituli,
733 2645 912 2739 praecipue
936 2643 1112 2738 Delphici,
1140 2665 1248 2739 quam
1273 2640 1333 2712 di-

217 2761 324 2833 versis
339 2783 358 2834 e
372 2760 576 2857 regionibus
588 2760 740 2832 artifices
750 2760 787 2832 in
806 2758 970 2857 quaedam
982 2758 1130 2854 collegia
1148 2758 1329 2831 coiverint.

218 2881 268 2950 De
292 2877 408 2952 Attico
433 2877 580 2973 quidem
608 2877 699 2949 nihil
729 2877 811 2950 satis
840 2882 988 2963 constat,
1021 2898 1133 2971 quum
1165 2875 1332 2970 perpauci

217 2994 428 3068 nominatim
442 2994 684 3089 designentur,
703 3000 736 3065 et
755 2994 778 3065 ii
799 2993 957 3089 quidem,
975 2989 1074 3063 nulla
1094 2990 1216 3085 patriae
1235 3013 1335 3063 men·

217 3110 327 3182 tione.
353 3109 455 3183 Unde
473 3108 624 3184 dubium
643 3109 682 3181 fit
701 3114 822 3181 utrum
843 3108 912 3180 hoc
931 3130 972 3180 ex
987 3104 1262 3178 Atheniensibus
1282 3127 1334 3176 so·

217 3225 261 3297 lis
285 3227 481 3300 constiterit
502 3250 548 3299 an
568 3226 763 3322 peregrinis
791 3247 934 3321 quoque
954 3221 1147 3316 sodalitatis
1166 3218 1333 3293 ineundae

218 3343 299 3414 data
318 3340 425 3414 suerit
451 3341 612 3415 facultas.
639 3340 744 3437 Apud
765 3340 866 3413 Teios
890 3338 1085 3411 nonnullos
1105 3342 1268 3409 externos
1286 3336 1334 3407 vi-

218 3459 359 3545 demus,
389 3458 691 3546 Chalcedonium,
722 3457 997 3552 Pergamenum,
1032 3454 1210 3539 Samium;
1245 3450 1333 3524 alios

218 3580 390 3669 pretereo
413 3598 502 3670 quos
524 3574 632 3670 hujus
655 3571 803 3668 collegii
821 3571 1009 3667 participes
1035 3569 1142 3641 fuisse
1173 3572 1332 3640 tantum-

219 3689 326 3763 modo
338 3689 524 3786 probabile
537 3695 600 3762 est.
615 3688 838 3761 Uberrimam
849 3697 966 3761 autem
977 3686 1162 3759 materiam
1172 3682 1333 3780 praebent

219 3805 312 3879 tituli
330 3806 508 3902 Delphici,
522 3807 563 3895 in
584 3805 844 3902 quibusquam
859 3803 992 3876 mentio
1012 3803 1074 3875 fiat
1088 3800 1251 3874 omnium
1271 3797 1332 3894 qui

217 3920 322 3996 ludos
335 3922 530 4018 attigerint,
551 3921 669 3995 videro
690 3926 741 3993 est
765 3919 921 3993 scenicos
940 3941 959 3992 e
982 3918 1068 3992 locis
1089 3914 1333 3990 diversissimis

216 4045 311 4112 ortos
334 4039 506 4111 inunum
529 4061 657 4135 corpus
680 4036 865 4111 coaluisse.

266 4157 482 4252 Quanquam
496 4153 670 4250 plurimos
684 4151 849 4242 Athenae,
863 4153 1009 4242 Boeotia,
1026 4149 1188 4242 Arcadia,
1205 4150 1330 4245 Sicyon

259 4340 300 4418 (l)
325 4339 437 4419 Corpus
453 4339 541 4399 inser.
556 4358 616 4418 pru,
633 4341 722 4401 3090.

259 4433 299 4515 (2)
321 4434 512 4514 Inscrr'ptr'oos
525 4433 644 4494 teedttes
657 4431 692 4493 de
705 4432 842 4513 DelplreS,
859 4433 910 4507 Ill,
927 4434 982 4506 753
1001 4433 1053 4508 lv,
1069 4433 1128 4506 703
1149 4433 1185 4506 V,
1201 4433 1251 4490 Π.

231 4594 232 4597 ¹
257 4526 299 4608 (3)
320 4527 440 4605 Itidem,
458 4530 582 4605 111‚tt;
600 4530 651 4604 IV,
668 4528 831 4601 lta-111,
848 4529 906 4602 te;
923 4527 975 4602 lv,
991 4528 1041 4586 68.
