3248 5296
741 541 901 605 -4-ι..

255 675 362 752 alicui
384 699 509 751 eorum
525 676 693 774 injuriam
709 677 884 765 intulerit,
909 678 942 752 oi
960 678 1136 751 rationem
1156 672 1372 751 reddendam

256 792 333 867 lore
347 793 386 866 in
397 792 570 867 tribunali
589 793 894 890 amphictionum,
919 792 1118 868 secundum
1142 791 1271 889 legem.
1288 821 1304 860 »
1332 795 1373 864 ln

255 909 398 985 decreto
415 906 459 983 de
479 909 672 984 architecto
696 910 858 1006 Delphici
884 910 1021 1007 templi,
1047 909 1143 1008 quod
1167 933 1187 983 a
1210 908 1373 1006 Philippo

255 1029 305 1100 Le
327 1027 395 1100 Bas
414 1029 490 1124 Jam
508 1024 646 1099 editum
665 1026 774 1123 paulo
791 1026 933 1123 plenius
953 1027 1070 1124 legere
1090 1028 1202 1123 potui,
1227 1049 1269 1100 ea
1291 1033 1374 1099 sunt

255 1145 291 1216 in
315 1144 414 1218 line:
444 1173 461 1212 (ι
479 1144 620 1217 Placuit
632 1142 990 1218 hieromnemonibus
1014 1143 1224 1218 inviolatum
1244 1167 1320 1218 esse
1338 1151 1374 1217 et

255 1260 374 1356 ipsum
402 1263 598 1334 Damonem
618 1266 654 1334 et
672 1283 729 1335 res
748 1259 880 1356 ipsius;
889 1315 959 1333 .....
984 1260 1013 1333 si
1044 1260 1124 1357 quis
1154 1283 1236 1334 vero
1270 1260 1376 1358 quid-

255 1403 365 1478 quam
383 1380 554 1455 amoverit
569 1403 611 1454 ex
630 1380 739 1477 hujus
755 1380 884 1468 rebus,
903 1381 935 1454 ei
957 1381 1017 1477 qui
1038 1382 1198 1477 rapuerit
1219 1380 1318 1454 mille
1334 1387 1371 1471 (l)

256 1503 402 1571 stateras
416 1495 603 1570 solvendos
618 1518 694 1569 esse
711 1495 778 1570 deo
792 1495 1064 1583 consecrandos,
1086 1496 1238 1570 Damoni
1253 1504 1373 1570 autem

256 1611 364 1686 licere
380 1636 464 1687 eum
481 1613 519 1685 in
533 1613 593 1709 jus
612 1635 715 1709 agere
733 1612 830 1708 apud
844 1613 1173 1700 hieromnemones3
1195 1613 1373 1686 civitatem

256 1752 336 1804 vero
353 1729 574 1825 Delphorum
586 1735 623 1803 et
640 1736 839 1803 ceterorum
862 1732 1069 1801 Graecorum
1087 1728 1293 1826 quicunque
1312 1753 1373 1803 vo-

255 1845 376 1938 luerit,
396 1868 502 1942 opem
517 1844 609 1918 serre
632 1845 782 1918 hamoni
807 1843 973 1919 adversus
992 1846 1184 1941 rapientes,
1205 1846 1274 1921 nisi
1294 1847 1374 1942 quis

255 1961 412 2058 rapuerit
432 1959 478 2034 ob
498 1967 642 2057 pactum
661 1962 837 2057 privatum
855 1960 1012 2057 aliquam
1033 1960 1295 2036 accusationem
1317 1963 1374 2034 in—

256 2078 373 2153 ferens
389 2078 541 2152 Damoni
558 2076 625 2176 (l).
645 2106 662 2144 »
684 2077 888 2151 Artificibus
906 2101 988 2152 vero
1001 2078 1153 2169 violatis,
1174 2077 1281 2175 culpa
1299 2103 1372 2153 non

256 2196 295 2268 in
309 2201 490 2270 auctorem
505 2217 621 2267 unum
636 2193 754 2267 delicti
773 2194 910 2283 recidit,
934 2193 996 2268 sed
1020 2195 1057 2268 in
1082 2195 1209 2270 urbem
1229 2218 1373 2294 quoqne

256 2312 294 2385 in
313 2334 384 2409 qua
402 2311 598 2385 admissum
616 2309 722 2385 fuerit
741 2308 926 2384 delictum.

306 2428 358 2501 llx
385 2429 439 2501 his
466 2436 587 2502 autem
610 2434 704 2524 patet
732 2450 897 2524 magnam
925 2427 1033 2501 luisse
1062 2429 1170 2503 ctiam
1198 2453 1239 2504 ea
1269 2437 1372 2505 etate

256 2546 550 2643 Amphictionum
580 2545 652 2617 vim
684 2545 1003 2632 etauctoritatem,
1035 2545 1130 2619 etin
1157 2546 1372 2644 quibusdam

254 2662 361 2736 rebus
375 2668 409 2736 et
426 2661 647 2758 temporibus
664 2683 941 2735 vereeommuno
957 2666 1165 2736 Graecorum
1181 2663 1372 2738 consilium

255 2778 442 2875 praedicari
460 2778 626 2874 potuisse.
643 2780 812 2874 Magnum
837 2802 921 2850 sane
943 2777 1034 2851 illud
1055 2779 1148 2852 cives
1170 2782 1372 2855 communi-

256 2893 324 2968 bus
338 2893 549 2968 muneribus
565 2891 720 2969 ferendis
735 2892 901 2983 liberare,
921 2894 1130 2969 violatorem
1145 2896 1371 2971 decretorum

255 3011 402 3085 civitatis
417 3034 489 3084 suae
501 3006 638 3108 judicio
658 3010 796 3105 eripere
815 3017 849 3081 et
869 3009 1210 3085 hieromnemonum
1229 3021 1372 3088 senten-

259 3127 316 3200 tiis
334 3125 579 3200 damnandum
603 3124 756 3214 tradere,
772 3133 879 3223 atque
894 3127 1003 3199 ctiam
1018 3125 1100 3200 urbi
1115 3150 1196 3224 quae
1223 3129 1260 3201 in
1287 3154 1371 3227 agro

256 3266 321 3317 suo
340 3243 424 3317 talia
447 3243 578 3338 patrari
601 3242 718 3314 siverit
737 3242 908 3317 mulctam
929 3243 1097 3339 irrogare.
1124 3243 1205 3329 Sed,
1229 3252 1268 3317 ut
1290 3245 1372 3318 ltel-

253 3360 349 3457 phici
370 3358 519 3448 oraculi,
542 3359 590 3432 ita
611 3357 891 3455 Amphictionici
911 3360 1050 3433 consilii
1068 3362 1315 3435 auctoritatem
1333 3363 1371 3434 in

253 3476 361 3550 rehns
380 3477 486 3550 sacris
507 3474 610 3549 facile
627 3476 764 3572 accepit
784 3477 933 3549 Graeoia.
956 3475 1050 3563 Quid
1068 3483 1188 3551 autem
1202 3479 1312 3574 magis
1326 3478 1370 3551 ad

255 3590 461 3689 religionem
476 3591 647 3688 pertinuit
672 3614 780 3687 quam
801 3615 922 3667 secure
943 3593 1098 3667 artifices
1116 3592 1160 3667 ad
1179 3593 1372 3691 placandos

252 3706 494 3804 colendosque
512 3705 598 3781 deos
614 3730 760 3804 operam
777 3706 976 3782 civitatibus
994 3709 1178 3805 praebere?
1197 3710 1289 3796 Quid
1304 3711 1372 3807 piis

252 3819 460 3898 hominibus
487 3823 630 3921 dignius
654 3847 763 3922 quam
789 3824 944 3899 oraculis
963 3826 1077 3922 Pythii
1100 3825 1276 3923 Apollinis
1303 3828 1371 3902 oh*

258 3942 381 4036 sequi?

303 4053 510 4148 Congruens
525 4075 609 4124 cum
624 4050 808 4124 beneficiis
821 4052 1116 4148 Amphictionum
1131 4056 1288 4129 oratioet
1299 4081 1370 4154 quo

252 4162 384 4240 luerint
401 4167 521 4240 animo
543 4192 615 4241 non
638 4184 695 4240 res
715 4166 798 4240 solae
816 4166 878 4240 sed
896 4168 973 4263 ipsa
989 4168 1095 4242 rerba
1110 4167 1370 4246 benevolentiae

252 4283 360 4378 plena
376 4282 585 4358 declarant:
610 4313 626 4351 «
648 4290 688 4356 ut
702 4282 843 4358 videant
868 4283 1102 4359 Athenienses
1123 4288 1264 4361 studere
1284 4291 1368 4361 Am·

292 4543 334 4625 (l)
354 4545 396 4606 Le
411 4543 482 4621 Bas,
498 4548 528 4606 3e
541 4546 652 4623 partie,
668 4546 736 4606 840⁶
797 4631 800 4637 .
