<?xml version="1.0" encoding="UTF-8"?>
<!DOCTYPE html PUBLIC "-//W3C//DTD XHTML 1.0 Transitional//EN"
    "http://www.w3.org/TR/xhtml1/DTD/xhtml1-transitional.dtd">
<html xmlns="http://www.w3.org/1999/xhtml" xml:lang="en" lang="en">
 <head>
  <title>
</title>
<meta http-equiv="Content-Type" content="text/html;charset=utf-8" />
  <meta name='ocr-system' content='tesseract 3.04.00' />
  <meta name='ocr-capabilities' content='ocr_page ocr_carea ocr_par ocr_line ocrx_word'/>
</head>
<body>
  <div class='ocr_page' id='page_1' title='image "./decollegiisscen00foucgoog_0057.png"; bbox 0 0 3120 5302; ppageno 0'>
   <div class='ocr_carea' id='block_1_1' title="bbox 702 534 859 594">
    <p class='ocr_par' dir='ltr' id='par_1_1' title="bbox 702 534 859 594">
     <span class='ocr_line' id='line_1_1' title="bbox 702 534 859 594; baseline 0.013 -15"><span class='ocrx_word' id='word_1_1' title='bbox 702 534 859 594; x_wconf 69' lang='lat'>-41..</span> 
     </span>
    </p>
   </div>
   <div class='ocr_carea' id='block_1_2' title="bbox 177 668 1337 4253">
    <p class='ocr_par' dir='ltr' id='par_1_2' title="bbox 218 668 1337 2488">
     <span class='ocr_line' id='line_1_2' title="bbox 220 668 1334 767; baseline -0.004 -24"><span class='ocrx_word' id='word_1_2' title='bbox 220 672 318 767; x_wconf 90' lang='lat' dir='ltr'>lapis,</span> <span class='ocrx_word' id='word_1_3' title='bbox 330 673 379 742; x_wconf 91' lang='lat' dir='ltr'>ita</span> <span class='ocrx_word' id='word_1_4' title='bbox 393 668 680 765; x_wconf 82' lang='lat' dir='ltr'>Amphictiouum</span> <span class='ocrx_word' id='word_1_5' title='bbox 695 669 835 742; x_wconf 87' lang='lat' dir='ltr'>decreta</span> <span class='ocrx_word' id='word_1_6' title='bbox 845 677 1124 742; x_wconf 91' lang='lat' dir='ltr'>commemorant</span> <span class='ocrx_word' id='word_1_7' title='bbox 1138 668 1167 765; x_wconf 84' lang='lat' dir='ltr'>(l</span> <span class='ocrx_word' id='word_1_8' title='bbox 1178 671 1203 760; x_wconf 89' lang='grc'>).</span> <span class='ocrx_word' id='word_1_9' title='bbox 1218 668 1334 756; x_wconf 82' lang='lat' dir='ltr'>Quem</span> 
     </span>
     <span class='ocr_line' id='line_1_3' title="bbox 220 783 1333 881; baseline -0.005 -21"><span class='ocrx_word' id='word_1_10' title='bbox 220 789 342 860; x_wconf 89' lang='lat' dir='ltr'>datum</span> <span class='ocrx_word' id='word_1_11' title='bbox 365 786 492 871; x_wconf 87' lang='lat' dir='ltr'>luisse,</span> <span class='ocrx_word' id='word_1_12' title='bbox 514 791 547 857; x_wconf 92' lang='lat' dir='ltr'>et</span> <span class='ocrx_word' id='word_1_13' title='bbox 574 785 704 856; x_wconf 88' lang='lat' dir='ltr'>indicia</span> <span class='ocrx_word' id='word_1_14' title='bbox 728 784 892 881; x_wconf 82' lang='lat' dir='ltr'>quaedam</span> <span class='ocrx_word' id='word_1_15' title='bbox 914 786 950 857; x_wconf 95' lang='lat' dir='ltr'>in</span> <span class='ocrx_word' id='word_1_16' title='bbox 971 783 1224 881; x_wconf 79' lang='lat' dir='ltr'>scriptoribus,</span> <span class='ocrx_word' id='word_1_17' title='bbox 1254 806 1333 879; x_wconf 81' lang='lat' dir='ltr'>qum</span> 
     </span>
     <span class='ocr_line' id='line_1_4' title="bbox 221 899 1334 998; baseline -0.004 -23"><span class='ocrx_word' id='word_1_18' title='bbox 221 926 301 975; x_wconf 88' lang='lat' dir='ltr'>mox</span> <span class='ocrx_word' id='word_1_19' title='bbox 315 907 486 998; x_wconf 83' lang='lat' dir='ltr'>repetam,</span> <span class='ocrx_word' id='word_1_20' title='bbox 504 907 694 995; x_wconf 83' lang='lat' dir='ltr'>supersunt</span> <span class='ocrx_word' id='word_1_21' title='bbox 714 911 748 972; x_wconf 90' lang='lat' dir='ltr'>et</span> <span class='ocrx_word' id='word_1_22' title='bbox 765 899 919 974; x_wconf 93' lang='lat' dir='ltr'>duorum</span> <span class='ocrx_word' id='word_1_23' title='bbox 935 901 1151 998; x_wconf 90' lang='lat' dir='ltr'>populorum</span> <span class='ocrx_word' id='word_1_24' title='bbox 1168 900 1263 974; x_wconf 90' lang='lat' dir='ltr'>tituli</span> <span class='ocrx_word' id='word_1_25' title='bbox 1278 900 1334 973; x_wconf 91' lang='lat' dir='ltr'>di·</span> 
     </span>
     <span class='ocr_line' id='line_1_5' title="bbox 219 1015 1335 1102; baseline -0.004 -12"><span class='ocrx_word' id='word_1_26' title='bbox 219 1025 309 1092; x_wconf 91' lang='lat' dir='ltr'>serte</span> <span class='ocrx_word' id='word_1_27' title='bbox 323 1017 549 1092; x_wconf 84' lang='lat' dir='ltr'>confirmant.</span> <span class='ocrx_word' id='word_1_28' title='bbox 572 1019 691 1102; x_wconf 84' lang='lat' dir='ltr'>Quum</span> <span class='ocrx_word' id='word_1_29' title='bbox 710 1018 805 1090; x_wconf 90' lang='lat' dir='ltr'>enim</span> <span class='ocrx_word' id='word_1_30' title='bbox 825 1018 993 1090; x_wconf 84' lang='lat' dir='ltr'>Teiorum</span> <span class='ocrx_word' id='word_1_31' title='bbox 1011 1018 1131 1090; x_wconf 91' lang='lat' dir='ltr'>civitas</span> <span class='ocrx_word' id='word_1_32' title='bbox 1146 1015 1189 1089; x_wconf 90' lang='lat' dir='ltr'>ad</span> <span class='ocrx_word' id='word_1_33' title='bbox 1210 1039 1335 1090; x_wconf 88' lang='lat' dir='ltr'>omnes</span> 
     </span>
     <span class='ocr_line' id='line_1_6' title="bbox 218 1129 1334 1231; baseline -0.004 -25"><span class='ocrx_word' id='word_1_34' title='bbox 218 1135 431 1231; x_wconf 84' lang='lat' dir='ltr'>legationem</span> <span class='ocrx_word' id='word_1_35' title='bbox 449 1133 598 1205; x_wconf 83' lang='lat' dir='ltr'>misisset</span> <span class='ocrx_word' id='word_1_36' title='bbox 620 1156 700 1229; x_wconf 82' lang='lat' dir='ltr'>qum</span> <span class='ocrx_word' id='word_1_37' title='bbox 717 1140 853 1229; x_wconf 84' lang='lat' dir='ltr'>rogaret</span> <span class='ocrx_word' id='word_1_38' title='bbox 876 1139 915 1204; x_wconf 91' lang='lat' dir='ltr'>ut</span> <span class='ocrx_word' id='word_1_39' title='bbox 932 1155 1033 1205; x_wconf 91' lang='lat' dir='ltr'>suam</span> <span class='ocrx_word' id='word_1_40' title='bbox 1055 1130 1180 1205; x_wconf 89' lang='lat' dir='ltr'>urbem</span> <span class='ocrx_word' id='word_1_41' title='bbox 1196 1129 1334 1202; x_wconf 89' lang='lat' dir='ltr'>Baccho</span> 
     </span>
     <span class='ocr_line' id='line_1_7' title="bbox 220 1247 1337 1346; baseline -0.006 -22"><span class='ocrx_word' id='word_1_42' title='bbox 220 1257 461 1324; x_wconf 84' lang='lat' dir='ltr'>consecratam</span> <span class='ocrx_word' id='word_1_43' title='bbox 479 1248 683 1322; x_wconf 88' lang='lat' dir='ltr'>inviolatam</span> <span class='ocrx_word' id='word_1_44' title='bbox 699 1273 773 1323; x_wconf 87' lang='lat' dir='ltr'>esse</span> <span class='ocrx_word' id='word_1_45' title='bbox 786 1249 964 1346; x_wconf 89' lang='lat' dir='ltr'>juberent,</span> <span class='ocrx_word' id='word_1_46' title='bbox 976 1249 1076 1320; x_wconf 51' lang='lat' dir='ltr'>¹inter</span> <span class='ocrx_word' id='word_1_47' title='bbox 1093 1247 1251 1345; x_wconf 88' lang='lat' dir='ltr'>plurima</span> <span class='ocrx_word' id='word_1_48' title='bbox 1265 1268 1337 1318; x_wconf 91' lang='lat' dir='ltr'>res-</span> 
     </span>
     <span class='ocr_line' id='line_1_8' title="bbox 218 1361 1336 1462; baseline -0.005 -23"><span class='ocrx_word' id='word_1_49' title='bbox 218 1390 342 1462; x_wconf 90' lang='lat' dir='ltr'>ponsa,</span> <span class='ocrx_word' id='word_1_50' title='bbox 366 1389 445 1462; x_wconf 80' lang='lat' dir='ltr'>qum</span> <span class='ocrx_word' id='word_1_51' title='bbox 464 1365 523 1438; x_wconf 82' lang='lat' dir='ltr'>Tei</span> <span class='ocrx_word' id='word_1_52' title='bbox 544 1366 666 1461; x_wconf 88' lang='lat' dir='ltr'>parieti</span> <span class='ocrx_word' id='word_1_53' title='bbox 696 1364 882 1461; x_wconf 89' lang='lat' dir='ltr'>cujusdam</span> <span class='ocrx_word' id='word_1_54' title='bbox 909 1364 994 1437; x_wconf 83' lang='lat' dir='ltr'>aedis</span> <span class='ocrx_word' id='word_1_55' title='bbox 1021 1364 1132 1436; x_wconf 90' lang='lat' dir='ltr'>incisa</span> <span class='ocrx_word' id='word_1_56' title='bbox 1152 1385 1265 1458; x_wconf 89' lang='lat' dir='ltr'>usque</span> <span class='ocrx_word' id='word_1_57' title='bbox 1292 1361 1336 1433; x_wconf 89' lang='lat' dir='ltr'>ad</span> 
     </span>
     <span class='ocr_line' id='line_1_9' title="bbox 218 1479 1335 1578; baseline -0.003 -24"><span class='ocrx_word' id='word_1_58' title='bbox 218 1490 373 1556; x_wconf 89' lang='lat' dir='ltr'>nostram</span> <span class='ocrx_word' id='word_1_59' title='bbox 389 1490 528 1556; x_wconf 82' lang='lat' dir='ltr'>aetatem</span> <span class='ocrx_word' id='word_1_60' title='bbox 543 1488 830 1578; x_wconf 87' lang='lat' dir='ltr'>permanserunt,</span> <span class='ocrx_word' id='word_1_61' title='bbox 847 1480 1045 1554; x_wconf 84' lang='lat' dir='ltr'>AEtolorum</span> <span class='ocrx_word' id='word_1_62' title='bbox 1063 1487 1098 1554; x_wconf 92' lang='lat' dir='ltr'>et</span> <span class='ocrx_word' id='word_1_63' title='bbox 1112 1479 1335 1576; x_wconf 81' lang='lat' dir='ltr'>Delphorum</span> 
     </span>
     <span class='ocr_line' id='line_1_10' title="bbox 220 1597 1336 1695; baseline -0.004 -23"><span class='ocrx_word' id='word_1_64' title='bbox 220 1601 359 1672; x_wconf 83' lang='lat' dir='ltr'>decreta</span> <span class='ocrx_word' id='word_1_65' title='bbox 378 1600 533 1673; x_wconf 91' lang='lat' dir='ltr'>notanda</span> <span class='ocrx_word' id='word_1_66' title='bbox 554 1604 649 1669; x_wconf 93' lang='lat' dir='ltr'>sunt.</span> <span class='ocrx_word' id='word_1_67' title='bbox 676 1599 720 1670; x_wconf 92' lang='lat' dir='ltr'>Hi</span> <span class='ocrx_word' id='word_1_68' title='bbox 747 1599 858 1688; x_wconf 84' lang='lat' dir='ltr'>eninr,</span> <span class='ocrx_word' id='word_1_69' title='bbox 880 1605 1068 1695; x_wconf 90' lang='lat' dir='ltr'>postquam</span> <span class='ocrx_word' id='word_1_70' title='bbox 1093 1597 1245 1692; x_wconf 82' lang='lat' dir='ltr'>benigne</span> <span class='ocrx_word' id='word_1_71' title='bbox 1269 1620 1336 1669; x_wconf 84' lang='lat' dir='ltr'>ex-</span> 
     </span>
     <span class='ocr_line' id='line_1_11' title="bbox 219 1698 1337 1818; baseline -0.003 -29"><span class='ocrx_word' id='word_1_72' title='bbox 219 1723 330 1812; x_wconf 86' lang='lat' dir='ltr'>ceptae</span> <span class='ocrx_word' id='word_1_73' title='bbox 346 1698 532 1812; x_wconf 84' lang='lat' dir='ltr'>legationis</span> <span class='ocrx_word' id='word_1_74' title='bbox 548 1715 683 1789; x_wconf 91' lang='lat' dir='ltr'>mentio</span> <span class='ocrx_word' id='word_1_75' title='bbox 699 1713 789 1788; x_wconf 86' lang='lat' dir='ltr'>lacta</span> <span class='ocrx_word' id='word_1_76' title='bbox 810 1721 862 1787; x_wconf 92' lang='lat' dir='ltr'>est</span> <span class='ocrx_word' id='word_1_77' title='bbox 884 1721 918 1789; x_wconf 89' lang='lat' dir='ltr'>et</span> <span class='ocrx_word' id='word_1_78' title='bbox 932 1713 1055 1818; x_wconf 86' lang='lat' dir='ltr'>sedulo</span> <span class='ocrx_word' id='word_1_79' title='bbox 1078 1711 1233 1787; x_wconf 68' lang='lat' dir='ltr'>definitae</span> <span class='ocrx_word' id='word_1_80' title='bbox 1254 1720 1337 1786; x_wconf 90' lang='lat' dir='ltr'>sunt</span> 
     </span>
     <span class='ocr_line' id='line_1_12' title="bbox 219 1830 1332 1928; baseline -0.004 -22"><span class='ocrx_word' id='word_1_81' title='bbox 219 1834 427 1906; x_wconf 86' lang='lat' dir='ltr'>immunitas</span> <span class='ocrx_word' id='word_1_82' title='bbox 439 1839 472 1905; x_wconf 87' lang='lat' dir='ltr'>et</span> <span class='ocrx_word' id='word_1_83' title='bbox 488 1830 597 1905; x_wconf 87' lang='lat' dir='ltr'>tutela</span> <span class='ocrx_word' id='word_1_84' title='bbox 614 1830 693 1904; x_wconf 90' lang='lat' dir='ltr'>urbi</span> <span class='ocrx_word' id='word_1_85' title='bbox 707 1854 862 1928; x_wconf 84' lang='lat' dir='ltr'>agroque</span> <span class='ocrx_word' id='word_1_86' title='bbox 875 1838 910 1904; x_wconf 92' lang='lat' dir='ltr'>et</span> <span class='ocrx_word' id='word_1_87' title='bbox 928 1830 1053 1904; x_wconf 88' lang='lat' dir='ltr'>incolis</span> <span class='ocrx_word' id='word_1_88' title='bbox 1066 1831 1127 1903; x_wconf 86' lang='lat' dir='ltr'>Tei</span> <span class='ocrx_word' id='word_1_89' title='bbox 1143 1851 1332 1916; x_wconf 85' lang='lat' dir='ltr'>concessae,</span> 
     </span>
     <span class='ocr_line' id='line_1_13' title="bbox 219 1945 1336 2023; baseline -0.006 0"><span class='ocrx_word' id='word_1_90' title='bbox 219 1951 373 2023; x_wconf 89' lang='lat' dir='ltr'>addunt:</span> <span class='ocrx_word' id='word_1_91' title='bbox 393 1979 408 2016; x_wconf 70' lang='grc' dir='ltr'>(ι</span> <span class='ocrx_word' id='word_1_92' title='bbox 419 1951 551 2022; x_wconf 90' lang='lat' dir='ltr'>sicutet</span> <span class='ocrx_word' id='word_1_93' title='bbox 567 1946 945 2021; x_wconf 81' lang='lat' dir='ltr'>scenicisartificibusu</span> <span class='ocrx_word' id='word_1_94' title='bbox 959 2003 966 2017; x_wconf 90' lang='lat'><strong>.</strong></span> <span class='ocrx_word' id='word_1_95' title='bbox 981 1946 1038 2018; x_wconf 93' lang='lat' dir='ltr'>llli</span> <span class='ocrx_word' id='word_1_96' title='bbox 1051 1947 1156 2019; x_wconf 88' lang='lat' dir='ltr'>etiam</span> <span class='ocrx_word' id='word_1_97' title='bbox 1173 1945 1336 2018; x_wconf 89' lang='lat' dir='ltr'>disertius</span> 
     </span>
     <span class='ocr_line' id='line_1_14' title="bbox 225 2061 1336 2163; baseline 0.001 -30"><span class='ocrx_word' id='word_1_98' title='bbox 225 2096 241 2133; x_wconf 88' lang='grc'>«</span> <span class='ocrx_word' id='word_1_99' title='bbox 256 2064 561 2163; x_wconf 88' lang='lat' dir='ltr'>quemadmodum</span> <span class='ocrx_word' id='word_1_100' title='bbox 576 2065 614 2135; x_wconf 90' lang='lat' dir='ltr'>in</span> <span class='ocrx_word' id='word_1_101' title='bbox 636 2064 784 2138; x_wconf 91' lang='lat' dir='ltr'>scenicis</span> <span class='ocrx_word' id='word_1_102' title='bbox 804 2062 1000 2136; x_wconf 87' lang='lat' dir='ltr'>artificibus</span> <span class='ocrx_word' id='word_1_103' title='bbox 1019 2063 1096 2135; x_wconf 83' lang='lat' dir='ltr'>fieri</span> <span class='ocrx_word' id='word_1_104' title='bbox 1120 2061 1176 2135; x_wconf 88' lang='lat' dir='ltr'>lex</span> <span class='ocrx_word' id='word_1_105' title='bbox 1195 2061 1336 2134; x_wconf 89' lang='lat' dir='ltr'>AEtolo-</span> 
     </span>
     <span class='ocr_line' id='line_1_15' title="bbox 219 2179 1336 2278; baseline -0.001 -25"><span class='ocrx_word' id='word_1_106' title='bbox 219 2207 299 2254; x_wconf 91' lang='lat' dir='ltr'>rum</span> <span class='ocrx_word' id='word_1_107' title='bbox 315 2182 418 2277; x_wconf 89' lang='lat' dir='ltr'>jubet</span> <span class='ocrx_word' id='word_1_108' title='bbox 437 2183 491 2278; x_wconf 76' lang='lat'>(2)</span> <span class='ocrx_word' id='word_1_109' title='bbox 506 2211 543 2254; x_wconf 85' lang='lat'>».</span> <span class='ocrx_word' id='word_1_110' title='bbox 572 2182 673 2254; x_wconf 93' lang='lat' dir='ltr'>Unde</span> <span class='ocrx_word' id='word_1_111' title='bbox 693 2182 732 2253; x_wconf 85' lang='lat' dir='ltr'>fit</span> <span class='ocrx_word' id='word_1_112' title='bbox 752 2179 942 2253; x_wconf 90' lang='lat' dir='ltr'>verisimile</span> <span class='ocrx_word' id='word_1_113' title='bbox 963 2180 1000 2250; x_wconf 92' lang='lat' dir='ltr'>in</span> <span class='ocrx_word' id='word_1_114' title='bbox 1025 2179 1193 2252; x_wconf 93' lang='lat' dir='ltr'>omnibus</span> <span class='ocrx_word' id='word_1_115' title='bbox 1215 2179 1336 2252; x_wconf 88' lang='lat' dir='ltr'>civita·</span> 
     </span>
     <span class='ocr_line' id='line_1_16' title="bbox 218 2294 1337 2394; baseline 0 -26"><span class='ocrx_word' id='word_1_116' title='bbox 218 2297 312 2370; x_wconf 90' lang='lat' dir='ltr'>tibus</span> <span class='ocrx_word' id='word_1_117' title='bbox 333 2305 444 2371; x_wconf 88' lang='lat' dir='ltr'>certas</span> <span class='ocrx_word' id='word_1_118' title='bbox 468 2297 563 2394; x_wconf 85' lang='lat' dir='ltr'>leges</span> <span class='ocrx_word' id='word_1_119' title='bbox 588 2303 681 2371; x_wconf 88' lang='lat' dir='ltr'>ratas</span> <span class='ocrx_word' id='word_1_120' title='bbox 703 2296 823 2387; x_wconf 86' lang='lat' dir='ltr'>luisse,</span> <span class='ocrx_word' id='word_1_121' title='bbox 846 2318 998 2391; x_wconf 92' lang='lat' dir='ltr'>quarum</span> <span class='ocrx_word' id='word_1_122' title='bbox 1027 2295 1198 2393; x_wconf 89' lang='lat' dir='ltr'>peculiari</span> <span class='ocrx_word' id='word_1_123' title='bbox 1227 2294 1337 2369; x_wconf 88' lang='lat' dir='ltr'>tutela</span> 
     </span>
     <span class='ocr_line' id='line_1_17' title="bbox 218 2414 905 2488; baseline 0.001 -4"><span class='ocrx_word' id='word_1_124' title='bbox 218 2414 347 2487; x_wconf 87' lang='lat' dir='ltr'>scenici</span> <span class='ocrx_word' id='word_1_125' title='bbox 361 2415 551 2488; x_wconf 89' lang='lat' dir='ltr'>artificium</span> <span class='ocrx_word' id='word_1_126' title='bbox 568 2438 673 2486; x_wconf 92' lang='lat' dir='ltr'>suum</span> <span class='ocrx_word' id='word_1_127' title='bbox 692 2420 905 2488; x_wconf 83' lang='lat' dir='ltr'>exercerent.</span> 
     </span>
    </p>

    <p class='ocr_par' dir='ltr' id='par_1_3' title="bbox 177 2530 1337 3552">
     <span class='ocr_line' id='line_1_18' title="bbox 266 2530 1336 2626; baseline 0.001 -25"><span class='ocrx_word' id='word_1_128' title='bbox 266 2532 441 2615; x_wconf 82' lang='lat' dir='ltr'>Ceterum,</span> <span class='ocrx_word' id='word_1_129' title='bbox 469 2537 506 2602; x_wconf 92' lang='lat' dir='ltr'>ut</span> <span class='ocrx_word' id='word_1_130' title='bbox 528 2531 606 2603; x_wconf 82' lang='lat' dir='ltr'>haec</span> <span class='ocrx_word' id='word_1_131' title='bbox 625 2530 807 2626; x_wconf 86' lang='lat' dir='ltr'>privilegia</span> <span class='ocrx_word' id='word_1_132' title='bbox 831 2531 975 2603; x_wconf 85' lang='lat' dir='ltr'>maximi</span> <span class='ocrx_word' id='word_1_133' title='bbox 1006 2531 1201 2617; x_wconf 89' lang='lat' dir='ltr'>momenti,</span> <span class='ocrx_word' id='word_1_134' title='bbox 1228 2532 1275 2603; x_wconf 87' lang='lat' dir='ltr'>ita</span> <span class='ocrx_word' id='word_1_135' title='bbox 1300 2532 1336 2602; x_wconf 95' lang='lat' dir='ltr'>in</span> 
     </span>
     <span class='ocr_line' id='line_1_19' title="bbox 218 2644 1335 2740; baseline 0.002 -24"><span class='ocrx_word' id='word_1_136' title='bbox 218 2646 258 2716; x_wconf 89' lang='lat' dir='ltr'>iis</span> <span class='ocrx_word' id='word_1_137' title='bbox 278 2644 502 2718; x_wconf 79' lang='lat' dir='ltr'>conferendis</span> <span class='ocrx_word' id='word_1_138' title='bbox 522 2644 612 2717; x_wconf 91' lang='lat' dir='ltr'>nihil</span> <span class='ocrx_word' id='word_1_139' title='bbox 630 2645 842 2718; x_wconf 89' lang='lat' dir='ltr'>inusitatum</span> <span class='ocrx_word' id='word_1_140' title='bbox 858 2644 1147 2740; x_wconf 83' lang='lat' dir='ltr'>excogitaverunt</span> <span class='ocrx_word' id='word_1_141' title='bbox 1164 2645 1335 2740; x_wconf 82' lang='lat' dir='ltr'>Amphic-</span> 
     </span>
     <span class='ocr_line' id='line_1_20' title="bbox 218 2759 1336 2857; baseline 0.003 -27"><span class='ocrx_word' id='word_1_142' title='bbox 218 2761 343 2849; x_wconf 89' lang='lat' dir='ltr'>tiones,</span> <span class='ocrx_word' id='word_1_143' title='bbox 376 2762 435 2834; x_wconf 91' lang='lat' dir='ltr'>sed</span> <span class='ocrx_word' id='word_1_144' title='bbox 456 2760 626 2857; x_wconf 89' lang='lat' dir='ltr'>pleraque</span> <span class='ocrx_word' id='word_1_145' title='bbox 656 2784 674 2832; x_wconf 90' lang='lat' dir='ltr'>e</span> <span class='ocrx_word' id='word_1_146' title='bbox 701 2760 825 2855; x_wconf 89' lang='lat' dir='ltr'>priscis</span> <span class='ocrx_word' id='word_1_147' title='bbox 851 2759 1072 2856; x_wconf 88' lang='lat' dir='ltr'>temporibus</span> <span class='ocrx_word' id='word_1_148' title='bbox 1102 2767 1136 2833; x_wconf 89' lang='lat' dir='ltr'>et</span> <span class='ocrx_word' id='word_1_149' title='bbox 1160 2762 1336 2856; x_wconf 76' lang='lat' dir='ltr'>maJ&#39;orum</span> 
     </span>
     <span class='ocr_line' id='line_1_21' title="bbox 219 2873 1337 2971; baseline -0.001 -25"><span class='ocrx_word' id='word_1_150' title='bbox 219 2876 386 2948; x_wconf 89' lang='lat' dir='ltr'>institutis</span> <span class='ocrx_word' id='word_1_151' title='bbox 405 2877 552 2971; x_wconf 90' lang='lat' dir='ltr'>repetita</span> <span class='ocrx_word' id='word_1_152' title='bbox 568 2875 677 2948; x_wconf 87' lang='lat' dir='ltr'>fuisse</span> <span class='ocrx_word' id='word_1_153' title='bbox 696 2875 862 2967; x_wconf 85' lang='lat' dir='ltr'>arbitror,</span> <span class='ocrx_word' id='word_1_154' title='bbox 882 2898 961 2970; x_wconf 80' lang='lat' dir='ltr'>quae</span> <span class='ocrx_word' id='word_1_155' title='bbox 980 2875 1017 2945; x_wconf 92' lang='lat' dir='ltr'>in</span> <span class='ocrx_word' id='word_1_156' title='bbox 1038 2873 1253 2947; x_wconf 90' lang='lat' dir='ltr'>oblivionem</span> <span class='ocrx_word' id='word_1_157' title='bbox 1275 2882 1337 2946; x_wconf 86' lang='lat' dir='ltr'>aut</span> 
     </span>
     <span class='ocr_line' id='line_1_22' title="bbox 220 2990 1336 3084; baseline -0.002 -21"><span class='ocrx_word' id='word_1_158' title='bbox 220 2990 369 3064; x_wconf 92' lang='lat' dir='ltr'>dubium</span> <span class='ocrx_word' id='word_1_159' title='bbox 395 2991 548 3065; x_wconf 89' lang='lat' dir='ltr'>adducta</span> <span class='ocrx_word' id='word_1_160' title='bbox 575 2991 727 3064; x_wconf 83' lang='lat' dir='ltr'>artifices</span> <span class='ocrx_word' id='word_1_161' title='bbox 752 2990 968 3062; x_wconf 81' lang='lat' dir='ltr'>studuerunt</span> <span class='ocrx_word' id='word_1_162' title='bbox 987 2997 1026 3061; x_wconf 92' lang='lat' dir='ltr'>ut</span> <span class='ocrx_word' id='word_1_163' title='bbox 1056 3013 1119 3084; x_wconf 90' lang='lat' dir='ltr'>per</span> <span class='ocrx_word' id='word_1_164' title='bbox 1144 3012 1336 3062; x_wconf 91' lang='lat' dir='ltr'>commune</span> 
     </span>
     <span class='ocr_line' id='line_1_23' title="bbox 220 3105 1336 3195; baseline 0 -17"><span class='ocrx_word' id='word_1_165' title='bbox 220 3111 421 3181; x_wconf 89' lang='lat' dir='ltr'>Graecorum</span> <span class='ocrx_word' id='word_1_166' title='bbox 449 3106 638 3181; x_wconf 90' lang='lat' dir='ltr'>consilium</span> <span class='ocrx_word' id='word_1_167' title='bbox 666 3114 941 3195; x_wconf 86' lang='lat' dir='ltr'>renovarentur,</span> <span class='ocrx_word' id='word_1_168' title='bbox 968 3105 1283 3194; x_wconf 87' lang='lat' dir='ltr'>confirmarentur,</span> <span class='ocrx_word' id='word_1_169' title='bbox 1302 3114 1336 3178; x_wconf 89' lang='lat' dir='ltr'>ot</span> 
     </span>
     <span class='ocr_line' id='line_1_24' title="bbox 219 3221 1337 3319; baseline 0 -25"><span class='ocrx_word' id='word_1_170' title='bbox 219 3223 344 3296; x_wconf 90' lang='lat' dir='ltr'>melius</span> <span class='ocrx_word' id='word_1_171' title='bbox 373 3224 518 3296; x_wconf 78' lang='lat' dir='ltr'>delinita</span> <span class='ocrx_word' id='word_1_172' title='bbox 543 3225 580 3295; x_wconf 96' lang='lat' dir='ltr'>in</span> <span class='ocrx_word' id='word_1_173' title='bbox 603 3223 701 3295; x_wconf 91' lang='lat' dir='ltr'>omni</span> <span class='ocrx_word' id='word_1_174' title='bbox 722 3224 857 3295; x_wconf 88' lang='lat' dir='ltr'>Graecia</span> <span class='ocrx_word' id='word_1_175' title='bbox 882 3223 1051 3319; x_wconf 82' lang='lat' dir='ltr'>vigerent.</span> <span class='ocrx_word' id='word_1_176' title='bbox 1085 3224 1172 3307; x_wconf 84' lang='lat' dir='ltr'>Quae</span> <span class='ocrx_word' id='word_1_177' title='bbox 1198 3221 1337 3318; x_wconf 84' lang='lat' dir='ltr'>singula</span> 
     </span>
     <span class='ocr_line' id='line_1_25' title="bbox 219 3338 1336 3437; baseline -0.001 -25"><span class='ocrx_word' id='word_1_178' title='bbox 219 3348 448 3430; x_wconf 89' lang='lat' dir='ltr'>recensentes,</span> <span class='ocrx_word' id='word_1_179' title='bbox 461 3340 603 3437; x_wconf 90' lang='lat' dir='ltr'>planius</span> <span class='ocrx_word' id='word_1_180' title='bbox 616 3340 817 3412; x_wconf 87' lang='lat' dir='ltr'>uidebimus</span> <span class='ocrx_word' id='word_1_181' title='bbox 832 3341 869 3412; x_wconf 93' lang='lat' dir='ltr'>in</span> <span class='ocrx_word' id='word_1_182' title='bbox 880 3339 937 3412; x_wconf 91' lang='lat' dir='ltr'>his</span> <span class='ocrx_word' id='word_1_183' title='bbox 949 3338 1055 3412; x_wconf 91' lang='lat' dir='ltr'>rebus</span> <span class='ocrx_word' id='word_1_184' title='bbox 1069 3340 1336 3435; x_wconf 81' lang='lat' dir='ltr'>Amphictiones</span> 
     </span>
     <span class='ocr_line' id='line_1_26' title="bbox 177 3456 1003 3552; baseline -0.001 -24"><span class='ocrx_word' id='word_1_185' title='bbox 177 3469 180 3478; x_wconf 88' lang='lat'>&#39;</span> <span class='ocrx_word' id='word_1_186' title='bbox 218 3457 307 3528; x_wconf 92' lang='lat' dir='ltr'>nihil</span> <span class='ocrx_word' id='word_1_187' title='bbox 326 3456 483 3529; x_wconf 87' lang='lat' dir='ltr'>attulisse</span> <span class='ocrx_word' id='word_1_188' title='bbox 505 3457 600 3546; x_wconf 91' lang='lat' dir='ltr'>novi,</span> <span class='ocrx_word' id='word_1_189' title='bbox 622 3464 751 3552; x_wconf 91' lang='lat' dir='ltr'>praeter</span> <span class='ocrx_word' id='word_1_190' title='bbox 771 3457 1003 3530; x_wconf 89' lang='lat' dir='ltr'>sanctionem.</span> 
     </span>
    </p>

    <p class='ocr_par' dir='ltr' id='par_1_4' title="bbox 217 3571 1335 3765">
     <span class='ocr_line' id='line_1_27' title="bbox 265 3571 1335 3669; baseline -0.002 -23"><span class='ocrx_word' id='word_1_191' title='bbox 265 3574 433 3663; x_wconf 82' lang='lat' dir='ltr'>Omnin0,</span> <span class='ocrx_word' id='word_1_192' title='bbox 452 3574 480 3645; x_wconf 91' lang='lat' dir='ltr'>si</span> <span class='ocrx_word' id='word_1_193' title='bbox 496 3573 639 3669; x_wconf 83' lang='lat' dir='ltr'>quaeris,</span> <span class='ocrx_word' id='word_1_194' title='bbox 658 3571 729 3647; x_wconf 90' lang='lat' dir='ltr'>duo</span> <span class='ocrx_word' id='word_1_195' title='bbox 745 3581 828 3647; x_wconf 89' lang='lat' dir='ltr'>suut</span> <span class='ocrx_word' id='word_1_196' title='bbox 848 3597 929 3669; x_wconf 86' lang='lat' dir='ltr'>quae</span> <span class='ocrx_word' id='word_1_197' title='bbox 951 3571 1147 3644; x_wconf 84' lang='lat' dir='ltr'>artificibus</span> <span class='ocrx_word' id='word_1_198' title='bbox 1165 3578 1261 3644; x_wconf 87' lang='lat' dir='ltr'>extra</span> <span class='ocrx_word' id='word_1_199' title='bbox 1277 3573 1335 3667; x_wconf 87' lang='lat' dir='ltr'>jus</span> 
     </span>
     <span class='ocr_line' id='line_1_28' title="bbox 217 3688 1221 3765; baseline -0.002 -3"><span class='ocrx_word' id='word_1_200' title='bbox 217 3712 406 3764; x_wconf 92' lang='lat' dir='ltr'>commune</span> <span class='ocrx_word' id='word_1_201' title='bbox 427 3690 636 3765; x_wconf 91' lang='lat' dir='ltr'>tribuuntur</span> <span class='ocrx_word' id='word_1_202' title='bbox 654 3717 663 3765; x_wconf 74' lang='grc' dir='ltr'>ε</span> <span class='ocrx_word' id='word_1_203' title='bbox 686 3692 893 3764; x_wconf 89' lang='lat' dir='ltr'>immunitas</span> <span class='ocrx_word' id='word_1_204' title='bbox 908 3699 942 3764; x_wconf 92' lang='lat' dir='ltr'>et</span> <span class='ocrx_word' id='word_1_205' title='bbox 959 3688 1221 3763; x_wconf 88' lang='lat' dir='ltr'>inviolabilitas.</span> 
     </span>
    </p>

    <p class='ocr_par' dir='ltr' id='par_1_5' title="bbox 216 3808 1334 4253">
     <span class='ocr_line' id='line_1_29' title="bbox 267 3808 1331 3906; baseline 0 -26"><span class='ocrx_word' id='word_1_206' title='bbox 267 3816 299 3880; x_wconf 93' lang='lat' dir='ltr'>l⁰</span> <span class='ocrx_word' id='word_1_207' title='bbox 323 3810 534 3882; x_wconf 87' lang='lat' dir='ltr'>lmmunitas</span> <span class='ocrx_word' id='word_1_208' title='bbox 555 3810 592 3882; x_wconf 92' lang='lat' dir='ltr'>in</span> <span class='ocrx_word' id='word_1_209' title='bbox 619 3817 772 3906; x_wconf 91' lang='lat' dir='ltr'>utroque</span> <span class='ocrx_word' id='word_1_210' title='bbox 796 3811 938 3882; x_wconf 88' lang='lat' dir='ltr'>decreto</span> <span class='ocrx_word' id='word_1_211' title='bbox 959 3808 1089 3902; x_wconf 74' lang='lat' dir='ltr'>saepius</span> <span class='ocrx_word' id='word_1_212' title='bbox 1113 3830 1331 3881; x_wconf 89' lang='lat' dir='ltr'>commemo·</span> 
     </span>
     <span class='ocr_line' id='line_1_30' title="bbox 218 3922 1334 4021; baseline 0 -25"><span class='ocrx_word' id='word_1_213' title='bbox 218 3933 303 4013; x_wconf 89' lang='lat' dir='ltr'>rata,</span> <span class='ocrx_word' id='word_1_214' title='bbox 323 3948 476 4019; x_wconf 88' lang='lat' dir='ltr'>quarum</span> <span class='ocrx_word' id='word_1_215' title='bbox 499 3949 619 3998; x_wconf 88' lang='lat' dir='ltr'>rerum</span> <span class='ocrx_word' id='word_1_216' title='bbox 641 3928 697 4013; x_wconf 89' lang='lat' dir='ltr'>sit,</span> <span class='ocrx_word' id='word_1_217' title='bbox 729 3925 827 4021; x_wconf 90' lang='lat' dir='ltr'>prior</span> <span class='ocrx_word' id='word_1_218' title='bbox 855 3923 1021 4020; x_wconf 87' lang='lat' dir='ltr'>explanat</span> <span class='ocrx_word' id='word_1_219' title='bbox 1041 3922 1180 4012; x_wconf 91' lang='lat' dir='ltr'>titulus,</span> <span class='ocrx_word' id='word_1_220' title='bbox 1204 3922 1334 4020; x_wconf 87' lang='lat' dir='ltr'>jubens</span> 
     </span>
     <span class='ocr_line' id='line_1_31' title="bbox 222 4039 1333 4135; baseline 0.004 -26"><span class='ocrx_word' id='word_1_221' title='bbox 222 4041 403 4113; x_wconf 87' lang='lat' dir='ltr'>«artifices</span> <span class='ocrx_word' id='word_1_222' title='bbox 418 4042 565 4114; x_wconf 92' lang='lat' dir='ltr'>omnino</span> <span class='ocrx_word' id='word_1_223' title='bbox 580 4042 760 4113; x_wconf 89' lang='lat' dir='ltr'>immunes</span> <span class='ocrx_word' id='word_1_224' title='bbox 774 4064 850 4113; x_wconf 90' lang='lat' dir='ltr'>esse</span> <span class='ocrx_word' id='word_1_225' title='bbox 868 4039 1008 4129; x_wconf 87' lang='lat' dir='ltr'>militia,</span> <span class='ocrx_word' id='word_1_226' title='bbox 1027 4061 1137 4135; x_wconf 92' lang='lat' dir='ltr'>quum</span> <span class='ocrx_word' id='word_1_227' title='bbox 1157 4040 1333 4113; x_wconf 90' lang='lat' dir='ltr'>maritima</span> 
     </span>
     <span class='ocr_line' id='line_1_32' title="bbox 216 4156 1332 4253; baseline 0.001 -26"><span class='ocrx_word' id='word_1_228' title='bbox 216 4164 291 4228; x_wconf 86' lang='lat' dir='ltr'>turn</span> <span class='ocrx_word' id='word_1_229' title='bbox 317 4156 471 4253; x_wconf 89' lang='lat' dir='ltr'>pedestri</span> <span class='ocrx_word' id='word_1_230' title='bbox 503 4157 557 4251; x_wconf 87' lang='lat'>(3)</span> <span class='ocrx_word' id='word_1_231' title='bbox 577 4186 614 4229; x_wconf 86' lang='lat'>».</span> <span class='ocrx_word' id='word_1_232' title='bbox 643 4157 749 4252; x_wconf 87' lang='lat' dir='ltr'>Apud</span> <span class='ocrx_word' id='word_1_233' title='bbox 777 4160 954 4230; x_wconf 87' lang='lat' dir='ltr'>Romanos</span> <span class='ocrx_word' id='word_1_234' title='bbox 982 4178 1125 4251; x_wconf 90' lang='lat' dir='ltr'>quoque</span> <span class='ocrx_word' id='word_1_235' title='bbox 1151 4156 1332 4250; x_wconf 88' lang='lat' dir='ltr'>provisum</span> 
     </span>
    </p>
   </div>
   <div class='ocr_carea' id='block_1_3' title="bbox 254 4343 1331 4612">
    <p class='ocr_par' dir='ltr' id='par_1_6' title="bbox 254 4343 1331 4612">
     <span class='ocr_line' id='line_1_33' title="bbox 256 4343 1331 4425; baseline -0.001 -19"><span class='ocrx_word' id='word_1_236' title='bbox 256 4346 297 4425; x_wconf 80' lang='lat' dir='ltr'>(l)</span> <span class='ocrx_word' id='word_1_237' title='bbox 320 4343 433 4425; x_wconf 77' lang='lat' dir='ltr'>Corpus</span> <span class='ocrx_word' id='word_1_238' title='bbox 445 4345 531 4405; x_wconf 81' lang='lat' dir='ltr'>inser.</span> <span class='ocrx_word' id='word_1_239' title='bbox 545 4366 605 4424; x_wconf 70' lang='lat' dir='ltr'>pr„</span> <span class='ocrx_word' id='word_1_240' title='bbox 622 4347 711 4418; x_wconf 78' lang='lat'>3067,</span> <span class='ocrx_word' id='word_1_241' title='bbox 726 4344 748 4405; x_wconf 92' lang='lat' dir='ltr'>l.</span> <span class='ocrx_word' id='word_1_242' title='bbox 764 4346 809 4404; x_wconf 81' lang='grc' dir='ltr'>Π.</span> <span class='ocrx_word' id='word_1_243' title='bbox 820 4346 953 4405; x_wconf 83' lang='lat' dir='ltr'>Decreta</span> <span class='ocrx_word' id='word_1_244' title='bbox 963 4343 1229 4422; x_wconf 83' lang='lat' dir='ltr'>Amphictionum,</span> <span class='ocrx_word' id='word_1_245' title='bbox 1245 4343 1266 4402; x_wconf 95' lang='lat' dir='ltr'>l.</span> <span class='ocrx_word' id='word_1_246' title='bbox 1283 4346 1331 4405; x_wconf 79' lang='lat' dir='ltr'>ta.</span> 
     </span>
     <span class='ocr_line' id='line_1_34' title="bbox 258 4437 1221 4518; baseline -0.002 -20"><span class='ocrx_word' id='word_1_247' title='bbox 258 4438 299 4518; x_wconf 71' lang='lat'>(2)</span> <span class='ocrx_word' id='word_1_248' title='bbox 320 4441 362 4498; x_wconf 87' lang='lat' dir='ltr'>Lo</span> <span class='ocrx_word' id='word_1_249' title='bbox 378 4441 480 4499; x_wconf 84' lang='lat' dir='ltr'>Boset</span> <span class='ocrx_word' id='word_1_250' title='bbox 495 4439 718 4517; x_wconf 78' lang='lat' dir='ltr'>Waddington,</span> <span class='ocrx_word' id='word_1_251' title='bbox 731 4438 824 4499; x_wconf 79' lang='lat' dir='ltr'>Inscr.</span> <span class='ocrx_word' id='word_1_252' title='bbox 840 4437 1098 4512; x_wconf 79' lang='lat' dir='ltr'>d&#39;Asic-Mincurc,</span> <span class='ocrx_word' id='word_1_253' title='bbox 1115 4440 1221 4498; x_wconf 67' lang='lat'>81-85.</span> 
     </span>
     <span class='ocr_line' id='line_1_35' title="bbox 254 4531 887 4612; baseline 0.002 -20"><span class='ocrx_word' id='word_1_254' title='bbox 254 4531 291 4612; x_wconf 77' lang='lat'>(3)</span> <span class='ocrx_word' id='word_1_255' title='bbox 315 4535 446 4593; x_wconf 88' lang='lat' dir='ltr'>Decreta</span> <span class='ocrx_word' id='word_1_256' title='bbox 462 4533 730 4612; x_wconf 72' lang='lat' dir='ltr'>amphictionum,</span> <span class='ocrx_word' id='word_1_257' title='bbox 747 4533 769 4594; x_wconf 89' lang='lat' dir='ltr'>l.</span> <span class='ocrx_word' id='word_1_258' title='bbox 785 4535 887 4594; x_wconf 79' lang='lat' dir='ltr'>ll-lss.</span> 
     </span>
    </p>
   </div>
   <div class='ocr_carea' id='block_1_4' title="bbox 0 0 1564 5302">
    <p class='ocr_par' dir='ltr' id='par_1_7' title="bbox 0 0 1564 5302">
     <span class='ocr_line' id='line_1_36' title="bbox 0 0 1564 5302; baseline 0 0"><span class='ocrx_word' id='word_1_259' title='bbox 0 0 1564 5302; x_wconf 95' lang='lat' dir='ltr'> </span> 
     </span>
    </p>
   </div>
  </div>
 </body>
</html>
