<?xml version="1.0" encoding="UTF-8"?>
<!DOCTYPE html PUBLIC "-//W3C//DTD XHTML 1.0 Transitional//EN"
    "http://www.w3.org/TR/xhtml1/DTD/xhtml1-transitional.dtd">
<html xmlns="http://www.w3.org/1999/xhtml" xml:lang="en" lang="en">
 <head>
  <title>
</title>
<meta http-equiv="Content-Type" content="text/html;charset=utf-8" />
  <meta name='ocr-system' content='tesseract 3.04.00' />
  <meta name='ocr-capabilities' content='ocr_page ocr_carea ocr_par ocr_line ocrx_word'/>
</head>
<body>
  <div class='ocr_page' id='page_1' title='image "./decollegiisscen00foucgoog_0064.png"; bbox 0 0 3120 5302; ppageno 0'>
   <div class='ocr_carea' id='block_1_1' title="bbox 803 496 964 554">
    <p class='ocr_par' dir='ltr' id='par_1_1' title="bbox 803 496 964 554">
     <span class='ocr_line' id='line_1_1' title="bbox 803 496 964 554; baseline 0.006 -16"><span class='ocrx_word' id='word_1_1' title='bbox 803 496 964 554; x_wconf 70' lang='lat'>..48-</span> 
     </span>
    </p>
   </div>
   <div class='ocr_carea' id='block_1_2' title="bbox 325 628 1446 4102">
    <p class='ocr_par' dir='ltr' id='par_1_2' title="bbox 325 628 1446 3754">
     <span class='ocr_line' id='line_1_2' title="bbox 325 628 1445 732; baseline -0.006 -25"><span class='ocrx_word' id='word_1_2' title='bbox 325 634 525 732; x_wconf 90' lang='lat' dir='ltr'>phictiones</span> <span class='ocrx_word' id='word_1_3' title='bbox 544 636 582 714; x_wconf 84' lang='lat' dir='ltr'>ut</span> <span class='ocrx_word' id='word_1_4' title='bbox 596 635 631 702; x_wconf 92' lang='lat' dir='ltr'>et</span> <span class='ocrx_word' id='word_1_5' title='bbox 646 629 724 702; x_wconf 89' lang='lat' dir='ltr'>haec</span> <span class='ocrx_word' id='word_1_6' title='bbox 739 635 878 702; x_wconf 82' lang='lat' dir='ltr'>servent</span> <span class='ocrx_word' id='word_1_7' title='bbox 891 630 929 700; x_wconf 93' lang='lat' dir='ltr'>in</span> <span class='ocrx_word' id='word_1_8' title='bbox 946 652 1054 702; x_wconf 91' lang='lat' dir='ltr'>omne</span> <span class='ocrx_word' id='word_1_9' title='bbox 1069 634 1256 725; x_wconf 90' lang='lat' dir='ltr'>tompuset</span> <span class='ocrx_word' id='word_1_10' title='bbox 1268 628 1445 726; x_wconf 88' lang='lat' dir='ltr'>quidquid</span> 
     </span>
     <span class='ocr_line' id='line_1_3' title="bbox 327 742 1446 823; baseline -0.006 0"><span class='ocrx_word' id='word_1_11' title='bbox 327 749 425 823; x_wconf 91' lang='lat' dir='ltr'>aliud</span> <span class='ocrx_word' id='word_1_12' title='bbox 455 746 541 820; x_wconf 93' lang='lat' dir='ltr'>boni</span> <span class='ocrx_word' id='word_1_13' title='bbox 574 743 728 819; x_wconf 80' lang='lat' dir='ltr'>habeant</span> <span class='ocrx_word' id='word_1_14' title='bbox 758 743 802 818; x_wconf 89' lang='lat' dir='ltr'>dc</span> <span class='ocrx_word' id='word_1_15' title='bbox 833 744 982 818; x_wconf 81' lang='lat' dir='ltr'><strong>scenicis</strong></span> <span class='ocrx_word' id='word_1_16' title='bbox 1015 743 1210 817; x_wconf 87' lang='lat' dir='ltr'>artificibus</span> <span class='ocrx_word' id='word_1_17' title='bbox 1251 742 1446 817; x_wconf 89' lang='lat' dir='ltr'>decernen-</span> 
     </span>
     <span class='ocr_line' id='line_1_4' title="bbox 327 859 1446 962; baseline -0.008 -21"><span class='ocrx_word' id='word_1_18' title='bbox 327 867 414 941; x_wconf 90' lang='lat' dir='ltr'>dum</span> <span class='ocrx_word' id='word_1_19' title='bbox 430 862 493 962; x_wconf 87' lang='lat' dir='ltr'>(t).</span> <span class='ocrx_word' id='word_1_20' title='bbox 512 893 527 930; x_wconf 77' lang='lat' dir='ltr'>n</span> <span class='ocrx_word' id='word_1_21' title='bbox 554 866 626 934; x_wconf 90' lang='lat' dir='ltr'>Neo</span> <span class='ocrx_word' id='word_1_22' title='bbox 646 859 759 934; x_wconf 87' lang='lat' dir='ltr'>deluit</span> <span class='ocrx_word' id='word_1_23' title='bbox 779 869 840 934; x_wconf 93' lang='lat' dir='ltr'>aut</span> <span class='ocrx_word' id='word_1_24' title='bbox 860 861 1007 935; x_wconf 91' lang='lat' dir='ltr'>comitas</span> <span class='ocrx_word' id='word_1_25' title='bbox 1024 861 1061 932; x_wconf 93' lang='lat' dir='ltr'>in</span> <span class='ocrx_word' id='word_1_26' title='bbox 1088 861 1306 957; x_wconf 81' lang='lat' dir='ltr'>accipiendis</span> <span class='ocrx_word' id='word_1_27' title='bbox 1330 861 1446 935; x_wconf 91' lang='lat' dir='ltr'>sceui-</span> 
     </span>
     <span class='ocr_line' id='line_1_5' title="bbox 327 975 1445 1075; baseline -0.007 -19"><span class='ocrx_word' id='word_1_28' title='bbox 327 1004 452 1056; x_wconf 91' lang='lat' dir='ltr'>corum</span> <span class='ocrx_word' id='word_1_29' title='bbox 483 978 618 1075; x_wconf 91' lang='lat' dir='ltr'>legatis,</span> <span class='ocrx_word' id='word_1_30' title='bbox 647 983 709 1050; x_wconf 90' lang='lat' dir='ltr'>aut</span> <span class='ocrx_word' id='word_1_31' title='bbox 734 975 916 1074; x_wconf 82' lang='lat' dir='ltr'>diligentia</span> <span class='ocrx_word' id='word_1_32' title='bbox 948 978 985 1049; x_wconf 94' lang='lat' dir='ltr'>in</span> <span class='ocrx_word' id='word_1_33' title='bbox 1016 975 1217 1051; x_wconf 82' lang='lat' dir='ltr'>incidendis</span> <span class='ocrx_word' id='word_1_34' title='bbox 1246 976 1379 1050; x_wconf 85' lang='lat' dir='ltr'>tabulae</span> <span class='ocrx_word' id='word_1_35' title='bbox 1408 977 1445 1049; x_wconf 92' lang='lat' dir='ltr'>in</span> 
     </span>
     <span class='ocr_line' id='line_1_6' title="bbox 326 1093 1446 1194; baseline -0.004 -24"><span class='ocrx_word' id='word_1_36' title='bbox 326 1096 459 1194; x_wconf 93' lang='lat' dir='ltr'>templo</span> <span class='ocrx_word' id='word_1_37' title='bbox 484 1095 645 1183; x_wconf 76' lang='lat' dir='ltr'>decretis,</span> <span class='ocrx_word' id='word_1_38' title='bbox 669 1100 729 1167; x_wconf 91' lang='lat' dir='ltr'>aut</span> <span class='ocrx_word' id='word_1_39' title='bbox 749 1093 923 1168; x_wconf 89' lang='lat' dir='ltr'>mittendo</span> <span class='ocrx_word' id='word_1_40' title='bbox 939 1094 984 1167; x_wconf 89' lang='lat' dir='ltr'>ad</span> <span class='ocrx_word' id='word_1_41' title='bbox 1004 1093 1178 1190; x_wconf 91' lang='lat' dir='ltr'>populum</span> <span class='ocrx_word' id='word_1_42' title='bbox 1209 1101 1446 1189; x_wconf 88' lang='lat' dir='ltr'>senatumque</span> 
     </span>
     <span class='ocr_line' id='line_1_7' title="bbox 325 1209 1446 1306; baseline -0.004 -20"><span class='ocrx_word' id='word_1_43' title='bbox 325 1213 598 1286; x_wconf 79' lang='lat' dir='ltr'>Atheniensium</span> <span class='ocrx_word' id='word_1_44' title='bbox 617 1209 817 1284; x_wconf 89' lang='lat' dir='ltr'>litterarum</span> <span class='ocrx_word' id='word_1_45' title='bbox 842 1210 1020 1306; x_wconf 84' lang='lat' dir='ltr'>exemplo.</span> <span class='ocrx_word' id='word_1_46' title='bbox 1040 1214 1126 1297; x_wconf 82' lang='lat' dir='ltr'>Quae</span> <span class='ocrx_word' id='word_1_47' title='bbox 1146 1234 1202 1282; x_wconf 92' lang='lat' dir='ltr'>res</span> <span class='ocrx_word' id='word_1_48' title='bbox 1222 1209 1446 1306; x_wconf 85' lang='lat' dir='ltr'>Amphictio-</span> 
     </span>
     <span class='ocr_line' id='line_1_8' title="bbox 327 1326 1446 1425; baseline -0.004 -23"><span class='ocrx_word' id='word_1_49' title='bbox 327 1330 433 1403; x_wconf 90' lang='lat' dir='ltr'>nihus</span> <span class='ocrx_word' id='word_1_50' title='bbox 457 1327 545 1403; x_wconf 92' lang='lat' dir='ltr'>adeo</span> <span class='ocrx_word' id='word_1_51' title='bbox 568 1327 674 1425; x_wconf 91' lang='lat' dir='ltr'>digna</span> <span class='ocrx_word' id='word_1_52' title='bbox 698 1326 816 1400; x_wconf 87' lang='lat' dir='ltr'>studio</span> <span class='ocrx_word' id='word_1_53' title='bbox 839 1334 873 1400; x_wconf 90' lang='lat' dir='ltr'>et</span> <span class='ocrx_word' id='word_1_54' title='bbox 897 1328 1057 1422; x_wconf 90' lang='lat' dir='ltr'>ipsorum</span> <span class='ocrx_word' id='word_1_55' title='bbox 1083 1327 1205 1423; x_wconf 88' lang='lat' dir='ltr'>pietati</span> <span class='ocrx_word' id='word_1_56' title='bbox 1230 1326 1446 1400; x_wconf 84' lang='lat' dir='ltr'>couveniens</span> 
     </span>
     <span class='ocr_line' id='line_1_9' title="bbox 326 1441 1446 1541; baseline -0.001 -25"><span class='ocrx_word' id='word_1_57' title='bbox 326 1446 399 1519; x_wconf 87' lang='lat' dir='ltr'>visa</span> <span class='ocrx_word' id='word_1_58' title='bbox 422 1452 475 1518; x_wconf 90' lang='lat' dir='ltr'>est</span> <span class='ocrx_word' id='word_1_59' title='bbox 502 1451 542 1517; x_wconf 91' lang='lat' dir='ltr'>ut</span> <span class='ocrx_word' id='word_1_60' title='bbox 566 1444 724 1541; x_wconf 90' lang='lat' dir='ltr'>quinque</span> <span class='ocrx_word' id='word_1_61' title='bbox 750 1443 856 1516; x_wconf 88' lang='lat' dir='ltr'>etiam</span> <span class='ocrx_word' id='word_1_62' title='bbox 882 1441 1034 1516; x_wconf 90' lang='lat' dir='ltr'>aliorum</span> <span class='ocrx_word' id='word_1_63' title='bbox 1059 1441 1220 1538; x_wconf 88' lang='lat' dir='ltr'>lapidum</span> <span class='ocrx_word' id='word_1_64' title='bbox 1250 1442 1446 1538; x_wconf 79' lang='lat' dir='ltr'>fragmenta</span> 
     </span>
     <span class='ocr_line' id='line_1_10' title="bbox 328 1556 1444 1656; baseline -0.004 -22"><span class='ocrx_word' id='word_1_65' title='bbox 328 1571 525 1652; x_wconf 84' lang='lat' dir='ltr'>teneamus,</span> <span class='ocrx_word' id='word_1_66' title='bbox 548 1561 585 1632; x_wconf 95' lang='lat' dir='ltr'>in</span> <span class='ocrx_word' id='word_1_67' title='bbox 605 1559 735 1656; x_wconf 92' lang='lat' dir='ltr'>quibus</span> <span class='ocrx_word' id='word_1_68' title='bbox 758 1560 801 1632; x_wconf 92' lang='lat' dir='ltr'>de</span> <span class='ocrx_word' id='word_1_69' title='bbox 822 1560 970 1634; x_wconf 86' lang='lat' dir='ltr'>scenicis</span> <span class='ocrx_word' id='word_1_70' title='bbox 990 1557 1176 1656; x_wconf 90' lang='lat' dir='ltr'>splendide</span> <span class='ocrx_word' id='word_1_71' title='bbox 1195 1566 1256 1631; x_wconf 87' lang='lat' dir='ltr'>aut</span> <span class='ocrx_word' id='word_1_72' title='bbox 1273 1556 1444 1632; x_wconf 87' lang='lat' dir='ltr'>benevole</span> 
     </span>
     <span class='ocr_line' id='line_1_11' title="bbox 327 1673 1445 1773; baseline -0.005 -22"><span class='ocrx_word' id='word_1_73' title='bbox 327 1677 526 1752; x_wconf 85' lang='lat' dir='ltr'>consulitur</span> <span class='ocrx_word' id='word_1_74' title='bbox 540 1675 606 1773; x_wconf 74' lang='lat'>(2).</span> <span class='ocrx_word' id='word_1_75' title='bbox 625 1679 712 1762; x_wconf 81' lang='lat' dir='ltr'>Quae</span> <span class='ocrx_word' id='word_1_76' title='bbox 727 1700 839 1772; x_wconf 91' lang='lat' dir='ltr'>quum</span> <span class='ocrx_word' id='word_1_77' title='bbox 857 1677 1056 1749; x_wconf 90' lang='lat' dir='ltr'>miserrime</span> <span class='ocrx_word' id='word_1_78' title='bbox 1071 1675 1191 1749; x_wconf 87' lang='lat' dir='ltr'>habita</span> <span class='ocrx_word' id='word_1_79' title='bbox 1205 1675 1288 1761; x_wconf 86' lang='lat' dir='ltr'>sint,</span> <span class='ocrx_word' id='word_1_80' title='bbox 1303 1673 1445 1770; x_wconf 89' lang='lat' dir='ltr'>paucis-</span> 
     </span>
     <span class='ocr_line' id='line_1_12' title="bbox 326 1791 1442 1890; baseline -0.002 -24"><span class='ocrx_word' id='word_1_81' title='bbox 326 1796 415 1868; x_wconf 89' lang='lat' dir='ltr'>sima</span> <span class='ocrx_word' id='word_1_82' title='bbox 435 1794 694 1890; x_wconf 89' lang='lat' dir='ltr'>cruipossunt;</span> <span class='ocrx_word' id='word_1_83' title='bbox 718 1792 807 1866; x_wconf 90' lang='lat' dir='ltr'>illud</span> <span class='ocrx_word' id='word_1_84' title='bbox 830 1793 1007 1866; x_wconf 88' lang='lat' dir='ltr'>tamenin</span> <span class='ocrx_word' id='word_1_85' title='bbox 1035 1814 1108 1865; x_wconf 91' lang='lat' dir='ltr'>uno</span> <span class='ocrx_word' id='word_1_86' title='bbox 1130 1791 1359 1866; x_wconf 74' lang='lat' dir='ltr'>manifestum</span> <span class='ocrx_word' id='word_1_87' title='bbox 1378 1797 1442 1878; x_wconf 89' lang='lat' dir='ltr'>est,</span> 
     </span>
     <span class='ocr_line' id='line_1_13' title="bbox 326 1908 1445 2007; baseline -0.006 -23"><span class='ocrx_word' id='word_1_88' title='bbox 326 1911 451 1985; x_wconf 91' lang='lat' dir='ltr'>ceteris</span> <span class='ocrx_word' id='word_1_89' title='bbox 480 1909 610 2006; x_wconf 91' lang='lat' dir='ltr'>quibus</span> <span class='ocrx_word' id='word_1_90' title='bbox 633 1911 708 2007; x_wconf 83' lang='lat' dir='ltr'>jam</span> <span class='ocrx_word' id='word_1_91' title='bbox 736 1908 937 2006; x_wconf 88' lang='lat' dir='ltr'>gaudebant</span> <span class='ocrx_word' id='word_1_92' title='bbox 966 1909 1118 1981; x_wconf 87' lang='lat' dir='ltr'>artifices</span> <span class='ocrx_word' id='word_1_93' title='bbox 1144 1909 1225 1983; x_wconf 90' lang='lat' dir='ltr'>addi</span> <span class='ocrx_word' id='word_1_94' title='bbox 1248 1908 1309 2005; x_wconf 88' lang='lat' dir='ltr'>jus</span> <span class='ocrx_word' id='word_1_95' title='bbox 1328 1937 1445 2004; x_wconf 82' lang='grc' dir='ltr'>χρυσο-</span> 
     </span>
     <span class='ocr_line' id='line_1_14' title="bbox 327 2022 1445 2125; baseline -0.003 -27"><span class='ocrx_word' id='word_1_96' title='bbox 327 2030 441 2125; x_wconf 75' lang='grc' dir='ltr'>φορίας,</span> <span class='ocrx_word' id='word_1_97' title='bbox 467 2027 575 2100; x_wconf 93' lang='lat' dir='ltr'>idest</span> <span class='ocrx_word' id='word_1_98' title='bbox 604 2025 761 2100; x_wconf 84' lang='lat' dir='ltr'>serendae</span> <span class='ocrx_word' id='word_1_99' title='bbox 786 2050 902 2100; x_wconf 79' lang='lat' dir='ltr'>aureae</span> <span class='ocrx_word' id='word_1_100' title='bbox 923 2047 1063 2098; x_wconf 83' lang='lat' dir='ltr'>coronae</span> <span class='ocrx_word' id='word_1_101' title='bbox 1087 2023 1150 2121; x_wconf 89' lang='lat'><strong>(3).</strong></span> <span class='ocrx_word' id='word_1_102' title='bbox 1167 2022 1270 2110; x_wconf 83' lang='lat' dir='ltr'>Quod</span> <span class='ocrx_word' id='word_1_103' title='bbox 1298 2023 1445 2120; x_wconf 89' lang='lat' dir='ltr'>quidem</span> 
     </span>
     <span class='ocr_line' id='line_1_15' title="bbox 327 2139 1445 2240; baseline -0.004 -24"><span class='ocrx_word' id='word_1_104' title='bbox 327 2143 424 2240; x_wconf 85' lang='lat' dir='ltr'>parvi</span> <span class='ocrx_word' id='word_1_105' title='bbox 446 2142 618 2216; x_wconf 89' lang='lat' dir='ltr'>momenti</span> <span class='ocrx_word' id='word_1_106' title='bbox 640 2143 783 2216; x_wconf 91' lang='lat' dir='ltr'>videtur</span> <span class='ocrx_word' id='word_1_107' title='bbox 803 2148 839 2214; x_wconf 92' lang='lat' dir='ltr'>et</span> <span class='ocrx_word' id='word_1_108' title='bbox 857 2141 980 2238; x_wconf 90' lang='lat' dir='ltr'>gloriae</span> <span class='ocrx_word' id='word_1_109' title='bbox 1002 2140 1120 2236; x_wconf 91' lang='lat' dir='ltr'>potius</span> <span class='ocrx_word' id='word_1_110' title='bbox 1137 2139 1315 2214; x_wconf 89' lang='lat' dir='ltr'>artificum</span> <span class='ocrx_word' id='word_1_111' title='bbox 1336 2163 1445 2236; x_wconf 90' lang='lat' dir='ltr'>quam</span> 
     </span>
     <span class='ocr_line' id='line_1_16' title="bbox 329 2256 1446 2357; baseline -0.004 -24"><span class='ocrx_word' id='word_1_112' title='bbox 329 2260 488 2333; x_wconf 87' lang='lat' dir='ltr'>utilitatis</span> <span class='ocrx_word' id='word_1_113' title='bbox 503 2260 613 2357; x_wconf 89' lang='lat' dir='ltr'>gratia</span> <span class='ocrx_word' id='word_1_114' title='bbox 628 2282 849 2333; x_wconf 91' lang='lat' dir='ltr'>concessum.</span> <span class='ocrx_word' id='word_1_115' title='bbox 878 2259 947 2333; x_wconf 89' lang='lat' dir='ltr'>Sed</span> <span class='ocrx_word' id='word_1_116' title='bbox 965 2282 1048 2331; x_wconf 90' lang='lat' dir='ltr'>curn</span> <span class='ocrx_word' id='word_1_117' title='bbox 1063 2258 1119 2330; x_wconf 90' lang='lat' dir='ltr'>his</span> <span class='ocrx_word' id='word_1_118' title='bbox 1134 2256 1333 2354; x_wconf 85' lang='lat' dir='ltr'>insignibus</span> <span class='ocrx_word' id='word_1_119' title='bbox 1353 2279 1446 2329; x_wconf 89' lang='lat' dir='ltr'>oon-</span> 
     </span>
     <span class='ocr_line' id='line_1_17' title="bbox 325 2374 1444 2474; baseline -0.004 -26"><span class='ocrx_word' id='word_1_120' title='bbox 325 2377 427 2474; x_wconf 82' lang='lat' dir='ltr'>jungi</span> <span class='ocrx_word' id='word_1_121' title='bbox 447 2375 517 2450; x_wconf 90' lang='lat' dir='ltr'>alia</span> <span class='ocrx_word' id='word_1_122' title='bbox 532 2377 676 2450; x_wconf 86' lang='lat' dir='ltr'>maximi</span> <span class='ocrx_word' id='word_1_123' title='bbox 692 2375 796 2471; x_wconf 90' lang='lat' dir='ltr'>pretii</span> <span class='ocrx_word' id='word_1_124' title='bbox 811 2374 913 2449; x_wconf 92' lang='lat' dir='ltr'>docet</span> <span class='ocrx_word' id='word_1_125' title='bbox 926 2375 1196 2449; x_wconf 78' lang='lat' dir='ltr'>Demosthenes,</span> <span class='ocrx_word' id='word_1_126' title='bbox 1213 2377 1332 2460; x_wconf 83' lang='lat' dir='ltr'>Quum</span> <span class='ocrx_word' id='word_1_127' title='bbox 1347 2374 1444 2448; x_wconf 91' lang='lat' dir='ltr'>enim</span> 
     </span>
     <span class='ocr_line' id='line_1_18' title="bbox 328 2491 1445 2589; baseline -0.003 -23"><span class='ocrx_word' id='word_1_128' title='bbox 328 2493 477 2566; x_wconf 85' lang='lat' dir='ltr'>Athenis</span> <span class='ocrx_word' id='word_1_129' title='bbox 500 2516 616 2589; x_wconf 90' lang='lat' dir='ltr'>poenae</span> <span class='ocrx_word' id='word_1_130' title='bbox 643 2491 856 2565; x_wconf 89' lang='lat' dir='ltr'>delictorum</span> <span class='ocrx_word' id='word_1_131' title='bbox 882 2492 1082 2566; x_wconf 89' lang='lat' dir='ltr'>secundum</span> <span class='ocrx_word' id='word_1_132' title='bbox 1107 2515 1276 2587; x_wconf 83' lang='lat' dir='ltr'>personas</span> <span class='ocrx_word' id='word_1_133' title='bbox 1293 2497 1329 2564; x_wconf 89' lang='lat' dir='ltr'>et</span> <span class='ocrx_word' id='word_1_134' title='bbox 1352 2498 1445 2566; x_wconf 91' lang='lat' dir='ltr'>tern-</span> 
     </span>
     <span class='ocr_line' id='line_1_19' title="bbox 328 2605 1445 2704; baseline -0.002 -24"><span class='ocrx_word' id='word_1_135' title='bbox 328 2631 414 2704; x_wconf 92' lang='lat' dir='ltr'>pora</span> <span class='ocrx_word' id='word_1_136' title='bbox 430 2608 615 2699; x_wconf 81' lang='lat' dir='ltr'>variarent,</span> <span class='ocrx_word' id='word_1_137' title='bbox 632 2609 660 2680; x_wconf 87' lang='lat' dir='ltr'>si</span> <span class='ocrx_word' id='word_1_138' title='bbox 681 2608 761 2704; x_wconf 88' lang='lat' dir='ltr'>quis</span> <span class='ocrx_word' id='word_1_139' title='bbox 777 2610 882 2682; x_wconf 91' lang='lat' dir='ltr'>verbo</span> <span class='ocrx_word' id='word_1_140' title='bbox 901 2616 961 2682; x_wconf 90' lang='lat' dir='ltr'>aut</span> <span class='ocrx_word' id='word_1_141' title='bbox 978 2607 1069 2682; x_wconf 87' lang='lat' dir='ltr'>lacto</span> <span class='ocrx_word' id='word_1_142' title='bbox 1089 2609 1263 2704; x_wconf 88' lang='lat' dir='ltr'>privatum</span> <span class='ocrx_word' id='word_1_143' title='bbox 1278 2605 1445 2680; x_wconf 86' lang='lat' dir='ltr'>violavis-</span> 
     </span>
     <span class='ocr_line' id='line_1_20' title="bbox 329 2722 1441 2812; baseline -0.003 -14"><span class='ocrx_word' id='word_1_144' title='bbox 329 2729 394 2812; x_wconf 91' lang='lat' dir='ltr'>set,</span> <span class='ocrx_word' id='word_1_145' title='bbox 415 2724 581 2798; x_wconf 85' lang='lat' dir='ltr'>adversus</span> <span class='ocrx_word' id='word_1_146' title='bbox 600 2748 683 2797; x_wconf 91' lang='lat' dir='ltr'>eum</span> <span class='ocrx_word' id='word_1_147' title='bbox 702 2725 752 2796; x_wconf 85' lang='lat' dir='ltr'>ris</span> <span class='ocrx_word' id='word_1_148' title='bbox 774 2731 835 2797; x_wconf 89' lang='lat' dir='ltr'>aut</span> <span class='ocrx_word' id='word_1_149' title='bbox 854 2724 1111 2798; x_wconf 77' lang='lat' dir='ltr'>maledicentiae</span> <span class='ocrx_word' id='word_1_150' title='bbox 1132 2724 1222 2797; x_wconf 86' lang='lat' dir='ltr'>actio</span> <span class='ocrx_word' id='word_1_151' title='bbox 1242 2722 1441 2809; x_wconf 82' lang='lat' dir='ltr'>terebatur3</span> 
     </span>
     <span class='ocr_line' id='line_1_21' title="bbox 328 2839 1443 2938; baseline -0.002 -24"><span class='ocrx_word' id='word_1_152' title='bbox 328 2864 434 2937; x_wconf 87' lang='lat' dir='ltr'>super</span> <span class='ocrx_word' id='word_1_153' title='bbox 455 2840 573 2916; x_wconf 88' lang='lat' dir='ltr'>solitas</span> <span class='ocrx_word' id='word_1_154' title='bbox 591 2863 727 2936; x_wconf 79' lang='lat' dir='ltr'>poenaS,</span> <span class='ocrx_word' id='word_1_155' title='bbox 751 2839 970 2936; x_wconf 81' lang='lat' dir='ltr'>irrogabatur</span> <span class='ocrx_word' id='word_1_156' title='bbox 992 2840 1190 2938; x_wconf 69' lang='lat' dir='ltr'>indignitas,</span> <span class='ocrx_word' id='word_1_157' title='bbox 1213 2842 1342 2935; x_wconf 82' lang='grc' dir='ltr'>ἀτιμία,</span> <span class='ocrx_word' id='word_1_158' title='bbox 1363 2862 1443 2936; x_wconf 83' lang='lat' dir='ltr'>quae</span> 
     </span>
     <span class='ocr_line' id='line_1_22' title="bbox 327 2956 1444 3055; baseline -0.001 -25"><span class='ocrx_word' id='word_1_159' title='bbox 327 2959 393 3030; x_wconf 89' lang='lat' dir='ltr'>ciri</span> <span class='ocrx_word' id='word_1_160' title='bbox 409 2959 613 3055; x_wconf 89' lang='lat' dir='ltr'>gravissima</span> <span class='ocrx_word' id='word_1_161' title='bbox 627 2981 733 3053; x_wconf 83' lang='lat' dir='ltr'>poena</span> <span class='ocrx_word' id='word_1_162' title='bbox 754 2957 834 3046; x_wconf 89' lang='lat' dir='ltr'>luit,</span> <span class='ocrx_word' id='word_1_163' title='bbox 858 2957 886 3029; x_wconf 90' lang='lat' dir='ltr'>si</span> <span class='ocrx_word' id='word_1_164' title='bbox 905 2957 983 3053; x_wconf 91' lang='lat' dir='ltr'>quis</span> <span class='ocrx_word' id='word_1_165' title='bbox 1003 2956 1203 3030; x_wconf 89' lang='lat' dir='ltr'>violavisset</span> <span class='ocrx_word' id='word_1_166' title='bbox 1225 2956 1444 3029; x_wconf 73' lang='lat' dir='ltr'>thermothe</span> 
     </span>
     <span class='ocr_line' id='line_1_23' title="bbox 329 3071 1444 3170; baseline -0.004 -23"><span class='ocrx_word' id='word_1_167' title='bbox 329 3081 412 3164; x_wconf 90' lang='lat' dir='ltr'>tam,</span> <span class='ocrx_word' id='word_1_168' title='bbox 448 3074 655 3148; x_wconf 88' lang='lat' dir='ltr'>archontem</span> <span class='ocrx_word' id='word_1_169' title='bbox 684 3080 745 3146; x_wconf 89' lang='lat' dir='ltr'>aut</span> <span class='ocrx_word' id='word_1_170' title='bbox 773 3074 976 3170; x_wconf 89' lang='lat' dir='ltr'>quempiam</span> <span class='ocrx_word' id='word_1_171' title='bbox 1008 3096 1133 3146; x_wconf 91' lang='lat' dir='ltr'>eorum</span> <span class='ocrx_word' id='word_1_172' title='bbox 1163 3071 1293 3170; x_wconf 90' lang='lat' dir='ltr'>quibus</span> <span class='ocrx_word' id='word_1_173' title='bbox 1320 3071 1444 3151; x_wconf 89' lang='lat' dir='ltr'>civitas</span> 
     </span>
     <span class='ocr_line' id='line_1_24' title="bbox 328 3185 1442 3285; baseline -0.003 -24"><span class='ocrx_word' id='word_1_174' title='bbox 328 3190 594 3263; x_wconf 90' lang='lat' dir='ltr'>immunitatem</span> <span class='ocrx_word' id='word_1_175' title='bbox 617 3187 775 3284; x_wconf 88' lang='lat' dir='ltr'>aliquam</span> <span class='ocrx_word' id='word_1_176' title='bbox 794 3194 855 3262; x_wconf 87' lang='lat' dir='ltr'>aut</span> <span class='ocrx_word' id='word_1_177' title='bbox 865 3190 924 3285; x_wconf 80' lang='lat' dir='ltr'>jos</span> <span class='ocrx_word' id='word_1_178' title='bbox 938 3187 1091 3285; x_wconf 75' lang='lat' dir='ltr'>ferendo</span> <span class='ocrx_word' id='word_1_179' title='bbox 1109 3212 1239 3261; x_wconf 76' lang='lat' dir='ltr'>coronae</span> <span class='ocrx_word' id='word_1_180' title='bbox 1254 3192 1316 3260; x_wconf 89' lang='lat' dir='ltr'>aut</span> <span class='ocrx_word' id='word_1_181' title='bbox 1333 3185 1442 3260; x_wconf 92' lang='lat' dir='ltr'>aliurn</span> 
     </span>
     <span class='ocr_line' id='line_1_25' title="bbox 327 3300 1442 3403; baseline 0 -27"><span class='ocrx_word' id='word_1_182' title='bbox 327 3306 502 3380; x_wconf 88' lang='lat' dir='ltr'>honorem</span> <span class='ocrx_word' id='word_1_183' title='bbox 526 3305 704 3378; x_wconf 85' lang='lat' dir='ltr'>tribuisset</span> <span class='ocrx_word' id='word_1_184' title='bbox 731 3306 786 3391; x_wconf 84' lang='lat' dir='ltr'>(In</span> <span class='ocrx_word' id='word_1_185' title='bbox 801 3305 965 3394; x_wconf 64' lang='lat' dir='ltr'>Mittam,</span> <span class='ocrx_word' id='word_1_186' title='bbox 983 3304 1118 3403; x_wconf 80' lang='lat'>31-33).</span> <span class='ocrx_word' id='word_1_187' title='bbox 1137 3300 1209 3378; x_wconf 90' lang='lat' dir='ltr'>Hoc</span> <span class='ocrx_word' id='word_1_188' title='bbox 1229 3303 1338 3400; x_wconf 89' lang='lat' dir='ltr'>igitur</span> <span class='ocrx_word' id='word_1_189' title='bbox 1353 3325 1442 3377; x_wconf 89' lang='lat' dir='ltr'>novo</span> 
     </span>
     <span class='ocr_line' id='line_1_26' title="bbox 326 3420 1442 3518; baseline -0.001 -25"><span class='ocrx_word' id='word_1_190' title='bbox 326 3421 621 3518; x_wconf 75' lang='lat' dir='ltr'>Amphictionurn</span> <span class='ocrx_word' id='word_1_191' title='bbox 636 3423 777 3495; x_wconf 89' lang='lat' dir='ltr'>decreto</span> <span class='ocrx_word' id='word_1_192' title='bbox 791 3422 921 3496; x_wconf 89' lang='lat' dir='ltr'>scenici</span> <span class='ocrx_word' id='word_1_193' title='bbox 938 3445 1012 3496; x_wconf 92' lang='lat' dir='ltr'>non</span> <span class='ocrx_word' id='word_1_194' title='bbox 1029 3425 1173 3495; x_wconf 89' lang='lat' dir='ltr'>inanem</span> <span class='ocrx_word' id='word_1_195' title='bbox 1193 3420 1344 3494; x_wconf 91' lang='lat' dir='ltr'>honoris</span> <span class='ocrx_word' id='word_1_196' title='bbox 1358 3444 1442 3516; x_wconf 91' lang='lat' dir='ltr'>spe-</span> 
     </span>
     <span class='ocr_line' id='line_1_27' title="bbox 326 3539 1442 3637; baseline -0.002 -25"><span class='ocrx_word' id='word_1_197' title='bbox 326 3541 416 3612; x_wconf 91' lang='lat' dir='ltr'>ciem</span> <span class='ocrx_word' id='word_1_198' title='bbox 432 3541 550 3637; x_wconf 88' lang='lat' dir='ltr'>adepti</span> <span class='ocrx_word' id='word_1_199' title='bbox 568 3545 665 3628; x_wconf 89' lang='lat' dir='ltr'>sunt,</span> <span class='ocrx_word' id='word_1_200' title='bbox 684 3540 745 3613; x_wconf 92' lang='lat' dir='ltr'>sed</span> <span class='ocrx_word' id='word_1_201' title='bbox 760 3539 819 3635; x_wconf 87' lang='lat' dir='ltr'>jus</span> <span class='ocrx_word' id='word_1_202' title='bbox 841 3546 977 3613; x_wconf 90' lang='lat' dir='ltr'>certum</span> <span class='ocrx_word' id='word_1_203' title='bbox 1005 3563 1130 3636; x_wconf 90' lang='lat' dir='ltr'>quum,</span> <span class='ocrx_word' id='word_1_204' title='bbox 1154 3540 1312 3637; x_wconf 83' lang='lat' dir='ltr'>graviore</span> <span class='ocrx_word' id='word_1_205' title='bbox 1337 3561 1442 3634; x_wconf 74' lang='lat' dir='ltr'>poena</span> 
     </span>
     <span class='ocr_line' id='line_1_28' title="bbox 325 3654 1436 3754; baseline -0.004 -25"><span class='ocrx_word' id='word_1_206' title='bbox 325 3658 401 3753; x_wconf 84' lang='lat' dir='ltr'>ejus</span> <span class='ocrx_word' id='word_1_207' title='bbox 416 3658 477 3754; x_wconf 88' lang='lat' dir='ltr'>qui</span> <span class='ocrx_word' id='word_1_208' title='bbox 491 3656 661 3753; x_wconf 81' lang='lat' dir='ltr'>injuriam</span> <span class='ocrx_word' id='word_1_209' title='bbox 681 3654 871 3744; x_wconf 87' lang='lat' dir='ltr'>intulisset,</span> <span class='ocrx_word' id='word_1_210' title='bbox 893 3656 984 3729; x_wconf 83' lang='lat' dir='ltr'>lacto</span> <span class='ocrx_word' id='word_1_211' title='bbox 1004 3665 1066 3730; x_wconf 88' lang='lat' dir='ltr'>aut</span> <span class='ocrx_word' id='word_1_212' title='bbox 1084 3656 1191 3730; x_wconf 84' lang='lat' dir='ltr'>verbo</span> <span class='ocrx_word' id='word_1_213' title='bbox 1209 3655 1436 3728; x_wconf 88' lang='lat' dir='ltr'>violarentur.</span> 
     </span>
    </p>

    <p class='ocr_par' dir='ltr' id='par_1_3' title="bbox 327 3771 1441 4102">
     <span class='ocr_line' id='line_1_29' title="bbox 374 3771 1436 3869; baseline -0.006 -24"><span class='ocrx_word' id='word_1_214' title='bbox 374 3773 452 3846; x_wconf 92' lang='lat' dir='ltr'>Non</span> <span class='ocrx_word' id='word_1_215' title='bbox 473 3775 591 3846; x_wconf 91' lang='lat' dir='ltr'>minor</span> <span class='ocrx_word' id='word_1_216' title='bbox 613 3773 681 3845; x_wconf 83' lang='lat' dir='ltr'>tuit</span> <span class='ocrx_word' id='word_1_217' title='bbox 703 3773 884 3845; x_wconf 87' lang='lat' dir='ltr'>civitatum</span> <span class='ocrx_word' id='word_1_218' title='bbox 905 3797 987 3869; x_wconf 91' lang='lat' dir='ltr'>erga</span> <span class='ocrx_word' id='word_1_219' title='bbox 1005 3773 1164 3846; x_wconf 90' lang='lat' dir='ltr'>scenicos</span> <span class='ocrx_word' id='word_1_220' title='bbox 1176 3771 1436 3845; x_wconf 84' lang='lat' dir='ltr'>benevolentia.</span> 
     </span>
     <span class='ocr_line' id='line_1_30' title="bbox 327 3888 1441 3986; baseline -0.003 -25"><span class='ocrx_word' id='word_1_221' title='bbox 327 3889 514 3974; x_wconf 82' lang='lat' dir='ltr'>Quomodo</span> <span class='ocrx_word' id='word_1_222' title='bbox 532 3888 722 3986; x_wconf 90' lang='lat' dir='ltr'>populum,</span> <span class='ocrx_word' id='word_1_223' title='bbox 741 3895 901 3962; x_wconf 90' lang='lat' dir='ltr'>senatum</span> <span class='ocrx_word' id='word_1_224' title='bbox 918 3891 1214 3986; x_wconf 88' lang='lat' dir='ltr'>magistratusque</span> <span class='ocrx_word' id='word_1_225' title='bbox 1230 3911 1293 3984; x_wconf 92' lang='lat' dir='ltr'>per</span> <span class='ocrx_word' id='word_1_226' title='bbox 1310 3888 1441 3984; x_wconf 89' lang='lat' dir='ltr'>legatos</span> 
     </span>
     <span class='ocr_line' id='line_1_31' title="bbox 327 4005 1441 4102; baseline -0.002 -24"><span class='ocrx_word' id='word_1_227' title='bbox 327 4029 411 4079; x_wconf 93' lang='lat' dir='ltr'>suos</span> <span class='ocrx_word' id='word_1_228' title='bbox 435 4005 606 4096; x_wconf 90' lang='lat' dir='ltr'>adierint,</span> <span class='ocrx_word' id='word_1_229' title='bbox 639 4029 747 4102; x_wconf 87' lang='lat' dir='ltr'>quam</span> <span class='ocrx_word' id='word_1_230' title='bbox 773 4005 929 4080; x_wconf 88' lang='lat' dir='ltr'>studiose</span> <span class='ocrx_word' id='word_1_231' title='bbox 956 4014 1100 4102; x_wconf 86' lang='lat' dir='ltr'>accepta</span> <span class='ocrx_word' id='word_1_232' title='bbox 1124 4029 1248 4080; x_wconf 90' lang='lat' dir='ltr'>eorum</span> <span class='ocrx_word' id='word_1_233' title='bbox 1275 4005 1441 4079; x_wconf 89' lang='lat' dir='ltr'>mandata</span> 
     </span>
    </p>
   </div>
   <div class='ocr_carea' id='block_1_3' title="bbox 363 4307 1317 4578">
    <p class='ocr_par' dir='ltr' id='par_1_4' title="bbox 363 4307 1317 4578">
     <span class='ocr_line' id='line_1_32' title="bbox 363 4307 1006 4390; baseline 0 -19"><span class='ocrx_word' id='word_1_234' title='bbox 363 4310 407 4390; x_wconf 90' lang='lat' dir='ltr'>(t)</span> <span class='ocrx_word' id='word_1_235' title='bbox 428 4312 560 4371; x_wconf 87' lang='lat' dir='ltr'>Decreta</span> <span class='ocrx_word' id='word_1_236' title='bbox 574 4307 842 4387; x_wconf 89' lang='lat' dir='ltr'>Amphictionum,</span> <span class='ocrx_word' id='word_1_237' title='bbox 861 4310 882 4369; x_wconf 91' lang='lat' dir='ltr'>l.</span> <span class='ocrx_word' id='word_1_238' title='bbox 899 4311 1006 4371; x_wconf 70' lang='lat'><strong>34-37.</strong></span> 
     </span>
     <span class='ocr_line' id='line_1_33' title="bbox 364 4403 1317 4485; baseline 0 -20"><span class='ocrx_word' id='word_1_239' title='bbox 364 4404 404 4484; x_wconf 62' lang='grc' dir='ltr'>(ἓ)</span> <span class='ocrx_word' id='word_1_240' title='bbox 428 4403 540 4483; x_wconf 83' lang='lat' dir='ltr'>Corpus</span> <span class='ocrx_word' id='word_1_241' title='bbox 555 4403 642 4463; x_wconf 78' lang='lat' dir='ltr'>iocor.</span> <span class='ocrx_word' id='word_1_242' title='bbox 659 4422 719 4481; x_wconf 68' lang='lat' dir='ltr'>gr„</span> <span class='ocrx_word' id='word_1_243' title='bbox 737 4406 823 4465; x_wconf 78' lang='lat'><strong>1689.</strong></span> <span class='ocrx_word' id='word_1_244' title='bbox 837 4437 876 4448; x_wconf 97' lang='lat'>—</span> <span class='ocrx_word' id='word_1_245' title='bbox 887 4407 929 4464; x_wconf 86' lang='lat' dir='ltr'>Le</span> <span class='ocrx_word' id='word_1_246' title='bbox 942 4406 1012 4478; x_wconf 84' lang='lat' dir='ltr'>Bae,</span> <span class='ocrx_word' id='word_1_247' title='bbox 1028 4403 1160 4485; x_wconf 82' lang='lat' dir='ltr'>Attiqoe,</span> <span class='ocrx_word' id='word_1_248' title='bbox 1178 4406 1317 4467; x_wconf 77' lang='lat' dir='ltr'>aro-379.</span> 
     </span>
     <span class='ocr_line' id='line_1_34' title="bbox 363 4496 871 4578; baseline -0.002 -19"><span class='ocrx_word' id='word_1_249' title='bbox 363 4497 405 4578; x_wconf 88' lang='lat'>(3)</span> <span class='ocrx_word' id='word_1_250' title='bbox 426 4500 468 4558; x_wconf 87' lang='lat' dir='ltr'>Le</span> <span class='ocrx_word' id='word_1_251' title='bbox 484 4499 554 4573; x_wconf 88' lang='lat' dir='ltr'>Bas,</span> <span class='ocrx_word' id='word_1_252' title='bbox 571 4496 704 4576; x_wconf 79' lang='lat' dir='ltr'>Attiqoc,</span> <span class='ocrx_word' id='word_1_253' title='bbox 719 4499 787 4570; x_wconf 81' lang='lat'>377,</span> <span class='ocrx_word' id='word_1_254' title='bbox 804 4497 825 4558; x_wconf 94' lang='lat' dir='ltr'>l.</span> <span class='ocrx_word' id='word_1_255' title='bbox 842 4503 871 4559; x_wconf 80' lang='lat'>7.</span> 
     </span>
    </p>
   </div>
   <div class='ocr_carea' id='block_1_4' title="bbox 0 0 1565 5302">
    <p class='ocr_par' dir='ltr' id='par_1_5' title="bbox 0 0 1565 5302">
     <span class='ocr_line' id='line_1_35' title="bbox 0 0 1565 5302; baseline 0 0"><span class='ocrx_word' id='word_1_256' title='bbox 0 0 1565 5302; x_wconf 95' lang='lat' dir='ltr'> </span> 
     </span>
    </p>
   </div>
  </div>
 </body>
</html>
