3120 5302
694 503 853 563 ..30-

219 644 272 712 est
295 634 490 708 mulierum
512 639 546 705 et
568 633 724 707 virorum
743 636 848 720 ratio,
871 657 966 728 saepe
984 633 1091 707 etiam
1118 631 1233 729 major
1254 655 1337 703 mu-

218 752 348 826 lierum
366 773 446 846 quae
464 748 657 844 aliquando
677 750 871 824 sodalitatis
892 748 1088 823 sacerdotio
1112 747 1335 844 funguntur;

218 874 256 941 at
279 874 403 942 contra
433 865 565 938 scenici
590 865 731 962 collegii
761 866 933 940 feminam
958 863 1096 937 nullam
1122 863 1333 961 participem

220 985 327 1058 luisse
349 982 511 1055 vidimus.
528 985 679 1077 Insuper
697 982 833 1056 libertis
857 989 964 1079 atque
982 981 1089 1053 etiam
1109 980 1217 1053 servis
1233 979 1338 1053 thiasi

218 1110 423 1202 patuerunt,
442 1124 554 1197 quum
566 1102 659 1174 iuter
678 1103 837 1174 scenicos
851 1100 1004 1174 artifices
1025 1099 1169 1171 nullum
1190 1099 1259 1171 nisi
1278 1100 1338 1171 in-

219 1243 376 1317 genuum
401 1219 513 1289 civem
535 1223 720 1312 receptum
739 1216 845 1290 luisse
864 1214 1099 1290 ostendimus.
1119 1213 1284 1310 Denique
1299 1215 1336 1287 in

207 1337 296 1433 -pari
311 1343 547 1428 utrorumque
562 1333 704 1429 pietate,
727 1334 764 1405 in
780 1333 855 1429 pari
872 1332 1130 1406 sacrificiorum
1147 1340 1182 1403 et
1198 1331 1338 1428 religio·

220 1476 307 1524 num
328 1473 426 1536 cura,
450 1449 478 1521 si
499 1471 701 1544 quaeremus
720 1472 800 1545 quae
828 1449 963 1521 suerint
988 1449 1147 1543 utrisque
1170 1447 1335 1536 numina,

220 1569 334 1640 multo
354 1566 467 1662 majus
490 1564 680 1638 discrimen
708 1565 801 1637 inter
825 1565 955 1638 thiasos
974 1571 1008 1637 et
1027 1565 1167 1638 scenica
1188 1563 1338 1660 collegia

219 1680 413 1779 apparebit.
438 1679 494 1752 llli
514 1681 610 1753 enim
631 1679 674 1753 ad
699 1678 870 1753 colendos
893 1686 1056 1754 externos
1080 1681 1163 1753 deos
1185 1679 1336 1752 instituti

220 1803 315 1885 sunt,
336 1799 482 1871 Matrem
497 1799 673 1891 Magnam,
692 1797 827 1892 Syriam
843 1797 1031 1882 Venerem,
1049 1794 1249 1885 Sabaziom,
1270 1798 1337 1868 Se-

220 1913 348 2010 rapim,
376 1918 483 2007 atque
505 1912 709 2007 peregrinos
738 1911 837 1997 ritus
864 1911 1069 2008 peregrinas
1096 1911 1335 2001 coerimonias,

221 2038 260 2104 ut
274 2035 467 2102 nocturnas
486 2027 783 2123 pervigilationes,
803 2028 847 2100 ad
865 2034 1032 2124 tympana
1046 2038 1080 2100 et
1096 2026 1258 2124 cymbala
1271 2027 1338 2101 sal-

222 2145 373 2219 tationes
386 2142 586 2233 freneticos,
604 2144 740 2217 Attidos
760 2167 898 2217 amores
914 2150 947 2217 et
969 2144 1220 2234 calamitatem,
1235 2143 1339 2242 quid-

223 2260 310 2359 quid
328 2261 482 2355 denique
501 2258 661 2355 Phrygiis
676 2267 710 2333 et
725 2260 835 2357 Syriis
850 2261 1158 2357 superstitionibus
1175 2261 1338 2335 contine·

220 2388 293 2469 tur,
314 2377 598 2452 constantissime
615 2378 839 2451 retinuerunt
855 2389 889 2452 et
906 2377 1061 2452 studiose
1082 2387 1334 2476 propagarunt.

222 2496 325 2569 Unde
343 2501 469 2567 natum
490 2493 581 2566 illud
603 2492 886 2568 sacrificulorum
901 2501 936 2568 et
950 2495 1172 2568 hariolorum
1193 2497 1338 2593 despec-

223 2618 298 2685 tum
311 2633 424 2707 genus
447 2632 510 2705 per
533 2610 687 2706 compita
708 2611 975 2684 vaticinantium
1001 2619 1035 2685 et
1058 2612 1187 2708 stipem
1210 2637 1338 2710 rogan-

223 2730 327 2818 tium,
347 2727 483 2824 ingenti
509 2726 604 2824 apud
629 2750 747 2799 servos
767 2736 801 2800 et
825 2752 913 2801 auos
936 2731 1060 2825 gratia,
1083 2729 1180 2804 haud
1200 2732 1337 2805 minore

220 2846 454 2919 honestorum
467 2843 596 2916 civium
610 2851 832 2940 contemptu.
846 2845 1051 2918 Artificibus
1061 2870 1143 2920 vero
1161 2850 1337 2945 praecipua

221 2961 350 3036 Bacchi
360 2959 483 3057 religio
497 2961 600 3057 cujus
614 2961 651 3033 iu
663 2961 836 3035 honorem
849 2962 1001 3035 instituti
1014 2971 1098 3036 sunt
1107 2971 1142 3037 et
1151 2965 1340 3061 viguerunt

222 3078 299 3152 ludi
313 3079 443 3151 scenici
452 3105 461 3166 ;
478 3079 506 3150 si
517 3101 605 3174 quas
616 3078 701 3152 alias
719 3079 909 3175 religiones
920 3081 1121 3169 coluerunt,
1135 3082 1290 3178 publicis
1305 3088 1339 3153 et

221 3195 345 3291 graecis
359 3191 572 3264 numinibus
592 3194 763 3283 contenti,
786 3218 972 3290 nunquam
988 3197 1032 3269 ad
1047 3195 1151 3269 illum
1170 3197 1338 3272 barbaro

219 3334 303 3383 rum
323 3309 470 3382 deorum
490 3332 633 3405 gregem
654 3309 868 3383 reciderunt.
891 3312 989 3384 Nihil
1002 3313 1109 3409 igitur
1123 3315 1337 3388 intermove-

213 3413 348 3505 7σιοιστοὶς
361 3433 396 3497 el
410 3429 620 3505 Διηνυσιακοὺς
639 3429 779 3522 τεχνίτας
793 3426 858 3499 suit
879 3450 1084 3516 commune,
1108 3430 1176 3501 nisl
1192 3430 1335 3504 fortuita

222 3542 377 3616 nominis
397 3540 606 3629 similitudo,
628 3566 739 3636 quum
755 3542 807 3615 illi
823 3543 993 3616 Liberum
1008 3544 1210 3620 barbariam
1230 3546 1338 3622 redo-

221 3660 367 3745 lentem,
381 3657 419 3730 hi
432 3658 611 3731 Bacchum
631 3661 795 3731 Graecum
811 3659 885 3732 sibi·
891 3667 1081 3757 patronum
1097 3661 1316 3737 vindicarent
1325 3684 1334 3750 ;

221 3776 293 3849 illis
307 3774 441 3848 externi
460 3773 673 3870 barbarique
692 3775 781 3847 ritus
806 3777 905 3849 cordi
930 3785 1059 3868 essent,
1081 3779 1136 3851 his
1157 3780 1271 3875 patria
1289 3780 1338 3852 rei

223 3891 372 3965 scenicae
393 3889 588 3964 meditatio.
610 3892 682 3965 Nec
697 3893 817 3965 minus
838 3895 974 3968 diversa
989 3904 1225 3994 utrorumque
1239 3898 1339 3972 aesti-

223 4009 345 4082 matio.
370 4006 559 4095 Tbiasotaa
584 4007 788 4103 siquando,
812 4008 892 4082 data
918 4035 982 4107 per
1006 4013 1130 4109 populi
1157 4015 1338 4088 decretum

221 4124 377 4210 licentia,
404 4123 476 4195 suis
498 4122 709 4196 numinibus
730 4124 863 4220 templa
883 4135 1086 4214 erexerunt,
1111 4131 1264 4225 suspecti
1286 4136 1339 4201 ta-

222 4258 305 4314 men
331 4245 366 4312 et
391 4236 546 4334 despecti
576 4245 803 4330 manserunt,
830 4241 990 4314 exercitis
1018 4244 1124 4316 etiam
1157 4243 1338 4317 interdum

224 4353 481 4454 questionibus
505 4355 673 4427 adversus
697 4380 757 4430 eos
787 4358 849 4452 qui
879 4381 989 4432 novos
1012 4359 1097 4434 deos
1123 4360 1335 4435 inserebant.

225 4472 342 4547 Aliam
357 4469 505 4546 omnino
524 4469 630 4545 luisse
657 4473 880 4547 scenicorum
900 4474 1132 4573 collegiorum
1160 4477 1339 4553 conditio-
