3120 5302
718 483 950 546 -t5-.

287 618 439 692 Gaulum
460 623 591 708 lamen,
611 616 778 713 prudenti
799 618 1016 715 exceptione,
1044 641 1089 689 ne
1112 619 1254 714 privata
1281 642 1353 693 sce·

239 735 403 809 nieorum
426 734 581 810 licentiae
605 757 669 830 per
691 733 873 830 privilegia
895 733 1125 832 collegiorum
1157 734 1351 831 impunitas

238 852 394 925 daretur.
415 853 531 927 Vetito
549 852 655 948 igitur
674 875 719 925 ne
743 852 823 948 quis
838 852 1008 926 artificem
1036 851 1160 947 rapiat,
1183 850 1350 925 additur:
1417 931 1419 934 ,

245 997 259 1035 «
274 969 342 1040 nisi
358 971 436 1065 quis
450 969 496 1043 ob
512 968 671 1042 debitum
687 971 731 1041 sit
750 969 880 1041 civitati
897 969 1070 1043 obnoxius
1088 967 1139 1067 (1)
1153 999 1181 1040 a.
1201 969 1348 1065 Nempe,

236 1109 349 1181 quum
372 1087 409 1157 in
437 1086 516 1160 aliis
542 1110 590 1158 aas
610 1085 769 1159 alienum
797 1086 1006 1159 contrahere
1030 1092 1237 1183 potuerunt,
1275 1098 1351 1157 turn

235 1203 399 1297 privatim
415 1226 497 1276 cum
513 1202 714 1275 civitatibus
734 1200 778 1275 de
794 1201 888 1275 ludis
903 1200 1047 1297 agendis
1066 1200 1347 1298 paciscebantur,

235 1318 366 1414 quibus
396 1320 424 1392 si
451 1317 660 1410 defuissent,
694 1320 829 1416 accepti
860 1312 1018 1415 pignoris
1049 1317 1181 1414 duplex
1217 1319 1350 1393 mulcta

235 1434 402 1508 solvenda
430 1443 503 1510 erat
532 1433 625 1531 (vide
652 1460 689 1531 p.
722 1434 797 1534 52).
827 1436 1004 1509 Adversus
1037 1458 1144 1531 quam
1183 1435 1350 1531 injuriam

230 1550 289 1646 jus
318 1575 425 1625 omne
453 1575 558 1624 suum
592 1553 816 1626 retinuerunt
844 1553 1013 1641 civitates,
1044 1575 1115 1647 quo
1144 1558 1204 1624 aut
1233 1551 1350 1646 ipsum

233 1667 405 1740 artificem
432 1674 492 1741 aut
516 1667 626 1765 ipsius
650 1692 705 1741 res
739 1676 917 1764 raperent.
958 1668 1092 1743 Eadem
1121 1667 1278 1764 exceptio
1311 1669 1347 1739 iu

232 1783 376 1878 privatis
410 1813 425 1851 «
452 1785 520 1857 nisi
549 1785 629 1880 quis
652 1785 816 1880 privatim
842 1784 965 1879 privati
992 1782 1132 1856 debitor
1153 1783 1197 1855 sit
1223 1780 1288 1880 (l)
1309 1813 1345 1854 a.

232 1901 304 1972 Nec
320 1900 396 1973 sine
419 1922 525 1973 causa
539 1900 675 1972 dictum
690 1899 757 1972 luit
775 1898 867 1972 illud
885 1899 1064 1994 privatim.
1092 1897 1230 1993 Duplex
1249 1897 1347 1970 enim

232 2015 375 2089 artificis
400 2037 569 2111 persona3
597 2016 625 2087 si
656 2015 744 2110 quid
769 2021 894 2110 pactus
920 2015 1067 2088 nomine
1089 2012 1242 2110 collegii,
1270 2036 1347 2107 pro·

231 2131 346 2204 missis
377 2155 450 2205 non
475 2138 637 2220 steterat,
662 2129 773 2202 nullae
802 2131 840 2202 in
862 2153 946 2202 eum
971 2128 1131 2203 vindiciae
1153 2129 1320 2226 legitimae
1334 2157 1342 2218 ;

231 2246 285 2318 sin
300 2249 443 2344 proprio
459 2248 605 2321 nomine
626 2270 673 2319 aes
690 2245 849 2319 alienum
869 2253 1103 2334 contraxerat,
1121 2247 1258 2342 dejure
1278 2269 1342 2318 suo

231 2385 303 2435 non
319 2363 463 2438 cadebat
482 2363 648 2437 creditor.
667 2364 763 2437 ldem
784 2370 929 2436 cautum
946 2363 1053 2436 luisse
1071 2361 1115 2436 ab
1127 2361 1344 2458 Amphictio·

231 2478 337 2552 nibus
362 2482 451 2554 etin
477 2480 602 2553 ceteris
624 2479 807 2552 beneficiis
834 2481 906 2551 suis
934 2479 1104 2553 admonet
1127 2479 1196 2551 alia
1223 2478 1343 2554 tabula

230 2619 338 2691 quam
354 2597 460 2692 paulo
476 2596 569 2669 insra
583 2595 724 2691 plenius
739 2596 915 2692 proferam
929 2594 1024 2692 (vide
1043 2621 1079 2692 p.
1099 2593 1174 2693 47).

276 2714 352 2785 Jam
367 2717 519 2808 ἀσφάλεια
530 2713 575 2785 ad
589 2711 741 2785 artifices
757 2712 849 2807 ipsos
869 2717 1014 2806 spectat.
1031 2711 1136 2798 Quod
1147 2712 1207 2807 jus
1227 2710 1341 2785 maxi-

229 2851 327 2900 mum
364 2827 539 2902 videbitur
570 2829 773 2923 cuicunque
800 2827 968 2922 cogitanti
1001 2850 1109 2923 quam
1142 2827 1341 2925 frequentia

228 2943 359 3017 suerint
387 2947 479 3018 inter
504 2946 645 3017 Graecos
673 2942 780 3032 bella,
819 2965 927 3038 quam
955 2940 1063 3014 subiti
1102 2942 1339 3017 finitimorum

226 3059 383 3134 hostium
409 3062 574 3156 impetus,
600 3083 706 3157 quam
727 3060 824 3131 durae
845 3057 927 3131 belli
948 3057 1041 3154 leges
1065 3059 1196 3155 quibus
1218 3062 1339 3133 victia

225 3178 354 3252 victore
369 3179 406 3249 in
426 3179 631 3250 servitutem
651 3177 726 3271 rapi
750 3183 784 3248 et
807 3175 912 3248 vendi
930 3182 1108 3271 poteraut.
1131 3176 1337 3250 Artificibus

224 3298 343 3365 autem
380 3294 532 3366 maxime
570 3291 822 3377 necessarium,
853 3291 983 3386 quibus
1014 3299 1086 3364 tam
1115 3316 1227 3388 saepe,
1264 3298 1336 3365 tam

222 3406 327 3503 longe
352 3433 372 3482 o
395 3411 509 3505 patria
532 3408 583 3481 vel
605 3407 769 3503 collegia,
795 3408 879 3480 artis
901 3406 1108 3481 exercendae
1129 3431 1247 3494 causa,
1280 3410 1333 3481 iti-

222 3549 307 3598 nera
324 3525 625 3622 suscipiebantur;
646 3550 725 3621 quae
741 3547 968 3620 nequaquam
994 3523 1071 3596 fieri
1091 3527 1288 3618 potuissent
1307 3527 1335 3598 si

221 3643 312 3715 inter
334 3642 506 3716 bellantes
530 3643 669 3716 deserta
688 3643 830 3738 injuriae
848 3638 968 3736 praeda
988 3641 1189 3732 jacuissent.
1214 3645 1335 3738 ltaque

216 3758 290 3858 jain
320 3759 435 3831 multo
459 3766 539 3831 ante
561 3770 595 3831 et
618 3758 787 3829 institutis
807 3765 841 3828 et
867 3743 932 3828 usu
956 3762 1134 3851 receptum
1158 3756 1270 3831 suerat
1297 3773 1335 3830 ut

218 3874 376 3947 inviolati
390 3875 426 3946 in
442 3874 536 3948 bello
556 3881 793 3945 versarentur.
816 3873 886 3962 Sic,
910 3896 1023 3969 quum
1046 3873 1155 3945 armis
1172 3874 1333 3970 llagraret

219 3990 380 4082 Arcadio,
411 3990 708 4065 concurrentibus
730 3990 911 4086 Spartanis
944 3996 977 4061 et
1014 3989 1165 4077 Achaeis,
1203 3993 1332 4065 scenici

220 4108 372 4182 artifices
386 4106 523 4204 placide
535 4132 554 4182 e
568 4107 740 4182 Messenia
754 4113 952 4181 remeantes
964 4130 1027 4201 per
1044 4130 1168 4203 agrum
1183 4109 1332 4206 Megalo-

259 4373 301 4456 (l)
320 4377 451 4436 Decreta
465 4374 733 4455 Amphietionum,
750 4371 770 4433 l.
785 4375 906 4436 noel..

257 4468 296 4548 (⁶3)
311 4469 433 4545 ibidem,
448 4468 471 4531 l.
485 4462 597 4545 21-22'3
614 4469 653 4529 cf.
670 4468 693 4531 l.
711 4471 760 4530 85.
