3248 5296
743 463 879 522 ..6-

253 601 315 670 aut
333 591 511 688 lapidibus
530 592 708 690 inspectis,
734 618 859 668 rursus
880 596 1084 692 transcripsi
1110 601 1158 688 et,
1187 600 1362 692 quantum

188 766 190 771 .
252 713 329 790 sueri
349 710 475 810 potuit,
493 708 531 785 iu
547 710 732 787 meliorem
746 712 897 788 formam
916 713 1037 812 redegi
1055 710 1116 810 (l).

786 1025 829 1099 11.

253 1288 410 1366 Quibus
429 1286 474 1341 tn
493 1285 592 1343 loct·
612 1289 808 1345 coiverint
828 1293 870 1347 et
889 1290 1040 1358 quibu·
1060 1302 1111 1346 ex
1129 1289 1365 1347 hominibus

325 1387 584 1445 constiterint
604 1389 859 1446 scenicorum
878 1386 1086 1448 artificum
1104 1383 1295 1459 colloque?

302 1626 521 1723 Aprincipio
541 1627 674 1700 scenici
693 1628 846 1702 artifices
867 1629 999 1726 private
1016 1629 1122 1702 vitam
1137 1624 1287 1724 agebant
1299 1650 1365 1702 nec

253 1743 321 1815 nisi
340 1742 524 1816 exercendi
551 1743 692 1816 artificii
713 1766 830 1832 causa,
854 1750 888 1816 et
912 1743 948 1816 id
975 1744 1121 1840 quidem
1143 1742 1188 1816 ad
1213 1750 1363 1842 tempus,

254 1859 443 1934 convenire
470 1857 630 1933 solebant
638 1886 648 1949 ;
672 1859 815 1934 tandem
846 1861 883 1933 in
908 1883 1036 1958 cerpus
1054 1867 1266 1958 perpetuum
1292 1885 1367 1936 sese

255 1981 557 2074 congregaverunt
587 1999 659 2050 non
690 1982 825 2050 actores
852 1978 957 2051 modo
984 1978 1046 2050 sed
1072 1977 1178 2050 etiam
1201 1981 1315 2072 poetae
1333 1979 1368 2047 et

255 2094 381 2166 musici
392 2099 497 2189 atque
508 2114 632 2166 omnes
643 2094 850 2191 quicunque
861 2093 992 2169 Bacchi
1004 2092 1099 2168 lestis
1112 2088 1364 2165 inserviebant.

255 2210 598 2307 Cujusmutationis
627 2215 767 2306 tempus
794 2211 898 2284 certis
920 2209 1145 2285 documentis
1172 2207 1277 2282 statui
1296 2229 1368 2280 non

254 2331 381 2423 potest,
408 2348 521 2423 quum
547 2333 624 2400 acta
650 2324 884 2424 collegiorum
909 2325 1079 2423 pleraque
1107 2323 1263 2399 secundo
1286 2328 1368 2395 ante

255 2441 485 2515 christianam
502 2447 643 2515 aetatem
661 2440 802 2532 saeculo,
818 2464 931 2539 pauca
943 2442 1045 2515 tertio
1058 2436 1268 2536 assignanda
1281 2436 1364 2509 sint.

255 2558 359 2630 Prius
375 2564 493 2633 tamen
509 2559 707 2632 institutam
722 2559 828 2632 fnisse
844 2579 972 2633 novam
991 2559 1085 2632 hanc
1100 2557 1273 2630 rationem
1288 2577 1370 2650 pro-

256 2673 373 2747 babile
388 2681 449 2764 est‚
474 2681 509 2748 et
533 2677 625 2749 circa
644 2675 799 2771 Philippi
829 2675 1090 2771 Alexandrique
1109 2680 1269 2778 tempora
1292 2671 1370 2743 ini-

257 2791 346 2862 tium
366 2791 546 2864 habuisse.
566 2791 789 2866 Vocabulum
814 2798 908 2868 certe
926 2793 1042 2888 ipsum
1059 2797 1087 2860 οἱ
1104 2793 1173 2886 περὶ
1191 2793 1246 2860 τὸν
1264 2791 1370 2860 Διόνυ-

257 2935 306 2983 σον
320 2919 463 3005 τεχνῖται
477 2907 572 3004 apud
590 2909 815 2982 Aristotelem
831 2910 985 3007 primum
1002 2909 1156 3006 reperire
1176 2912 1228 2980 est
1243 2903 1309 3004 (2).

305 3023 442 3097 Scenici
462 3048 536 3098 non
561 3026 599 3098 in
621 3048 731 3099 unam
751 3027 953 3100 societatem
973 3024 1128 3097 universi
1145 3022 1367 3108 coaluerunt,

257 3140 319 3212 sed
338 3141 464 3213 eodem
486 3141 645 3232 nomine,
671 3141 779 3214 simili
802 3142 965 3232 artificio,
985 3140 1091 3213 simili
1112 3139 1314 3213 conditione
1336 3144 1369 3208 et

257 3254 411 3344 fortuna,
438 3256 577 3354 singula
599 3258 637 3329 in
660 3257 807 3356 singulis
835 3258 1038 3355 regionibus
1057 3256 1206 3352 collegia
1228 3254 1370 3330 exstite-

134 3367 136 3372 ’
257 3376 354 3444 runt.
373 3373 460 3445 lnde
485 3374 666 3446 communi
685 3374 848 3447 omnium
870 3371 1054 3462 vocabule,
1076 3395 1142 3469 pro
1163 3395 1199 3444 se
1219 3391 1371 3467 quaeque

257 3485 425 3562 sodalitas
448 3488 667 3563 mentionem
687 3489 904 3586 peculiarem
926 3485 1061 3563 addidit
1082 3488 1270 3586 regionum
1285 3507 1372 3582 quas

296 3692 339 3772 (l)
360 3694 404 3753 De
423 3694 553 3754 scenicis
567 3694 750 3771 artificibus,
774 3694 880 3755 videas
894 3694 1030 3755 maxime
1045 3712 1116 3774 quaa
1136 3694 1234 3754 edidit
1252 3693 1367 3770 ligger,

256 3785 421 3848 Memoires
433 3787 472 3848 de
486 3787 662 3849 litterature
675 3789 839 3862 ancienne,
851 3787 933 3869 Coup
952 3787 1032 3848 d'oeil
1043 3807 1094 3848 sur
1107 3786 1248 3848 lba’stca're
1260 3785 1308 3846 des
1322 3803 1371 3843 ec-

257 3887 336 3940 teurs
349 3880 420 3940 dam
433 3880 616 3962 l'antiquite';
629 3872 744 3943 Etudes
758 3902 811 3944 sur
824 3883 870 3945 les
883 3884 991 3944 traites
1002 3883 1124 3962 publice
1137 3881 1210 3944 ehez
1222 3881 1266 3940 les
1279 3880 1372 3940 Grecs

256 3979 288 4034 et
301 3975 347 4035 les
360 3975 519 4052 Romains,
534 3976 698 4057 Appendice
710 3977 765 4055 IV,
780 3977 917 4040 Arcbives
930 3977 977 4039 des
991 3972 1199 4058 corporaliores.
1215 4008 1255 4020 -
1268 3973 1369 4044 Petis,

260 4057 368 4128 litades
381 4087 432 4127 sur
446 4067 485 4129 les
502 4070 651 4149 treqiqucs
665 4089 757 4149 precs,
772 4075 796 4131 t.
812 4073 836 4148 Ι,
851 4089 883 4150 p.
902 4074 957 4133 105
972 4075 1003 4132 et
1017 4089 1064 4150 sq.

298 4159 338 4240 (2)
360 4162 534 4240 Aristotel„
552 4162 669 4238 Probi,
692 4166 788 4241 XXX,
813 4168 861 4227 10.
874 4189 941 4220 —u
957 4164 1020 4226 Alii
1043 4162 1171 4243 quidem
1186 4180 1236 4223 eos
1250 4161 1374 4241 Dionyse

256 4252 437 4332 adulatores,
458 4256 518 4336 ipsi
539 4276 612 4318 vero
628 4276 660 4319 se
675 4257 804 4339 artifices
825 4259 1008 4340 appellent3
1031 4257 1101 4318 haec
1120 4262 1227 4317 autem
1245 4256 1375 4316 nomina

257 4349 350 4409 ambo
375 4350 570 4430 metaphorae
590 4358 674 4426 sunt,
699 4352 753 4414 sed
783 4353 920 4416 alterum
946 4351 1214 4427 dedecorantium,
1240 4351 1375 4413 alterum

256 4448 374 4506 centra.
394 4468 407 4500 r
426 4443 561 4520 illector„
576 4447 629 4524 111,
643 4449 673 4508 Ξ.
