3248 5296
730 608 889 666 „52-

302 740 434 813 Thebis
452 763 607 836 quoque,
630 740 789 835 quamvis
810 743 848 811 in
871 761 913 811 ea
935 736 1023 811 urbe
1038 736 1229 834 collegium
1250 738 1365 810 sceni-

253 881 376 930 corum
393 855 619 940 consedisset,
637 853 734 926 haud
761 853 911 927 dubium
929 861 981 928 est
1002 861 1146 927 externa
1164 854 1271 926 etiam
1294 850 1369 925 col-

252 972 344 1068 legia
368 970 471 1044 ludos
492 969 634 1043 adiisse.
661 969 749 1056 Quis
768 969 865 1043 enim
889 968 1084 1042 artificibus
1111 993 1152 1042 ex
1177 969 1312 1042 lsthmo
1333 977 1368 1042 et

254 1093 385 1162 Nemea
404 1085 550 1183 proxeni
565 1084 724 1158 Thebani
735 1109 833 1178 usus,
852 1085 921 1157 nisi
933 1085 998 1180 ipsi
1020 1085 1057 1157 in
1077 1108 1155 1157 eam
1173 1085 1365 1182 regionem,

253 1203 299 1276 ad
321 1200 515 1276 certamina
545 1199 748 1288 subeunda,
781 1200 1073 1296 commigrassent
1098 1198 1192 1297 (vide
1216 1224 1252 1295 p.
1281 1197 1369 1296 llll

254 1317 389 1390 Diserte
411 1316 515 1389 etiam
542 1314 723 1389 declarant
741 1315 816 1387 Teii
840 1316 969 1389 scenici
990 1338 1052 1388 se:
1083 1314 1276 1411 «Delphis,
1299 1317 1370 1412 Py-

251 1433 337 1505 thiis
365 1439 399 1505 et
426 1431 588 1519 Soteriis;
617 1431 792 1527 Thespiis,
819 1432 979 1521 Musaeis3
1011 1430 1153 1519 Thebis,
1188 1430 1398 1504 Heracleis·

252 1548 347 1622 ludis
372 1545 525 1621 adfuisse
540 1544 605 1645 (t)
625 1575 641 1613 a
674 1549 724 1619 Ex
757 1569 828 1642 quo
857 1548 1086 1643 perspicuum
1114 1546 1154 1618 fit
1177 1545 1284 1619 urhes
1310 1570 1369 1620 eas
1498 1552 1505 1564 ‘

254 1664 412 1760 primum
425 1661 604 1735 artificum
622 1683 768 1734 suorum
780 1684 923 1764 operam
936 1659 1222 1749 sibivindicasse,
1238 1659 1369 1736 deinde

252 1787 478 1852 externorum
491 1799 635 1873 quoque
647 1775 778 1849 auxilia
793 1776 946 1851 libenter
956 1779 1132 1873 accepisse
1142 1784 1248 1873 atque
1261 1779 1366 1851 etiam
1479 1812 1483 1823 ·

252 1895 446 1990 quaesiisse.
466 1893 569 1965 Tanti
598 1894 769 1965 momenti
788 1893 971 1967 videbatur
994 1891 1100 1967 ludos
1123 1915 1239 1967 sacros
1261 1916 1367 1989 quam

252 2007 539 2107 splendidissime
558 2007 690 2102 peragi,
709 2030 822 2104 quum
844 2006 889 2081 ad
912 2007 1110 2105 augendam
1130 2011 1368 2083 certaminum

250 2125 407 2214 laudem,
433 2132 509 2196 tum
528 2124 680 2195 maxime
702 2123 745 2196 ad
761 2124 1023 2199 conciliandam
1041 2126 1170 2199 civitati
1190 2150 1254 2221 per
1272 2149 1370 2222 mag·

254 2241 474 2314 nificentiam
490 2245 680 2335 apparatus
696 2239 844 2313 deorum
860 2240 1157 2316 benevolentiam.

301 2359 370 2432 Sed
393 2380 517 2453 paucae
537 2354 730 2427 admodum
751 2361 853 2428 erant
872 2356 978 2430 urbes
998 2381 1077 2452 qum
1101 2382 1166 2454 per
1180 2381 1263 2432 suos
1286 2359 1369 2432 arti-

251 2476 347 2562 fices,
375 2472 479 2546 ludos
501 2494 575 2544 non
594 2469 709 2544 dicam
735 2472 917 2567 perticere,
945 2474 1006 2547 sed
1024 2474 1080 2546 rix
1094 2474 1262 2549 inchoare
1281 2499 1369 2571 pos-

255 2597 345 2663 sent.
367 2593 463 2675 Quos
481 2610 593 2684 quum
617 2588 732 2659 omitti
748 2587 848 2661 uelas
870 2596 970 2678 esset,
992 2590 1029 2663 id
1043 2588 1221 2688 plerisque
1242 2615 1370 2664 curan·

254 2707 341 2779 dum
361 2706 427 2779 luit
441 2713 481 2778 ut
499 2703 656 2776 scenicos
671 2725 714 2774 en
728 2703 806 2777 aliis
826 2706 1029 2801 regionibus
1044 2707 1156 2802 pretio
1170 2706 1366 2782 allicerent.

253 2824 297 2896 Hi
312 2845 395 2896 vero
416 2845 457 2895 ea
473 2819 677 2895 conditione
694 2821 987 2896 conducebantur
1006 2829 1057 2912 ut,
1082 2824 1109 2896 si
1130 2822 1225 2896 ludis
1240 2825 1370 2899 deluis·

251 2946 303 3012 set
326 2937 463 3024 artilex,
481 2932 639 3032 pignoris
661 2935 760 3028 prius
784 2937 919 3032 accepti
946 2937 1077 3032 duplex
1100 2937 1233 3013 mulcta
1258 2938 1370 3014 solve-

252 3062 361 3128 retur.

298 3167 555 3256 Aristodemus,
579 3168 807 3261 Atheniensis
832 3168 1021 3263 tragoedus,
1050 3193 1163 3266 quum
1183 3170 1299 3245 verbis
1323 3169 1368 3244 ad

251 3287 483 3359 Athenienses
508 3282 639 3372 relatis,
661 3282 837 3379 populum
853 3291 1089 3381 senatumque
1105 3291 1140 3358 et
1158 3287 1276 3382 ipsum
1295 3289 1369 3360 De·
1399 3349 1400 3353 ,

253 3402 475 3477 mosthenem
503 3423 562 3494 spe
590 3400 686 3496 pacis
706 3399 913 3494 decepisset,
939 3401 1105 3472 invitatus
1131 3407 1171 3473 ut
1193 3400 1370 3496 legatione

253 3520 347 3615 apud
358 3517 593 3591 Macedonum
606 3539 724 3612 regem
741 3515 963 3611 iungeretur,
976 3517 1235 3590 excusationem
1252 3517 1370 3590 attulit

253 3660 295 3710 ea
308 3659 388 3732 quae
404 3656 486 3706 cum
505 3631 670 3728 pluribus
686 3629 884 3703 civitatibus
904 3631 949 3703 ad
968 3629 1106 3704 lahulas
1125 3632 1276 3729 agendas
1291 3655 1370 3728 pae-

254 3759 310 3825 tus
320 3755 428 3837 esset;
442 3755 519 3821 tum
536 3747 792 3821 Demosthenes
807 3746 845 3818 in
861 3747 1034 3819 concione
1048 3747 1153 3821 verba
1172 3749 1251 3821 lecit
1273 3747 1370 3821 ulad

253 3891 311 3942 eas
324 3867 479 3940 civitates
496 3863 629 3960 legatos
644 3862 799 3960 populus
812 3862 966 3935 mitteret
982 3864 1043 3958 qui
1059 3887 1123 3960 pro
1138 3864 1367 3938 Aristodemo

252 3983 396 4081 publice
414 3980 565 4054 mulctas
580 3979 858 4076 deprecarentur
874 3977 940 4076 (2).

301 4101 409 4196 Magis
423 4121 504 4171 vero
524 4103 630 4194 atque
648 4096 758 4193 magis
772 4104 878 4171 extra
889 4097 978 4170 lines
992 4098 1118 4171 veteris
1128 4098 1274 4171 Graeciae
1290 4123 1371 4195 pro-

255 4225 421 4315 pagatum
441 4213 507 4286 luit
521 4213 572 4286 rei
590 4215 739 4286 scenicae
754 4220 788 4287 et
809 4214 1026 4287 musicorum
1042 4215 1276 4288 certaminum
1297 4222 1372 4288 stu-

300 4503 338 4582 lt)
364 4498 475 4578 Corpus
488 4496 575 4557 inser.
592 4517 652 4576 pr„
673 4499 761 4568 3067,
774 4496 796 4557 l.
813 4501 863 4557 20.

297 4597 338 4676 (2)
360 4591 513 4669 AEschin.,
526 4590 571 4652 lte
584 4590 660 4652 mete
672 4598 752 4670 peste
769 4590 922 4670 lepotiooe,
939 4592 987 4664 ta,
1001 4595 1033 4650 et
1047 4590 1211 4655 Scholiast.
