3120 5302
610 512 769 572 ...31-

131 669 214 720 nem
234 651 269 718 et
290 669 331 718 ea
350 666 430 741 quae
452 647 527 740 jam
548 645 827 740 supradiximus
850 652 884 720 et
905 645 967 719 illa
991 644 1143 720 maxime
1167 665 1248 740 quae

131 762 343 858 disputanda
357 767 452 847 sunt,
475 761 690 858 ostendent(
717 762 748 860 ).

658 1069 719 1141 lV.
780 1104 781 1110 ¹

132 1332 343 1408 Quomodo
355 1332 513 1388 aeonion
527 1332 695 1398 collegia
705 1331 758 1386 ab
772 1331 950 1386 oraculis
964 1329 1135 1385 deorum
1149 1329 1251 1384 hene

291 1433 431 1508 habita
443 1431 546 1501 ipsis
563 1429 642 1487 dli·
658 1431 835 1499 nntium
848 1423 1099 1485 habuerint?

182 1671 367 1768 Magnifice
387 1670 431 1744 de
449 1669 648 1766 semetipsis
662 1671 811 1745 sensisse
825 1669 985 1744 scenicos
1004 1667 1161 1741 artifices
1181 1668 1250 1742 de-

133 1787 387 1862 claranttituli.
403 1786 568 1860 Laudant
581 1787 678 1860 enirn
696 1792 898 1860 curatorem
913 1809 1019 1858 suum
1033 1784 1138 1857 Attici
1155 1785 1252 1880 quod

133 1904 314 1979 benefieiis
336 1903 486 2000 adeptus
515 1905 560 1976 sit
598 1932 613 1970 u
639 1904 817 1976 artificum
842 1901 1127 1977 benevolentiam
1152 1901 1250 1974 omni

132 2019 285 2117 pecunia
304 2020 480 2115 potiorem
500 2016 552 2116 (2)
569 2048 605 2088 ».
620 2018 786 2114 Amplius
805 2019 911 2091 etiam
930 2017 1020 2090 illud
1044 2014 1212 2090 Teiorum
1232 2041 1253 2088 a

133 2132 263 2234 quihus
278 2120 494 2232 predicatur
516 2134 762 2208 «immortalis
783 2135 961 2207 artificum
984 2133 1098 2229 gloria
1115 2154 1204 2229 quos
1217 2139 1250 2206 et

133 2253 183 2326 dii
200 2260 234 2327 et
248 2277 345 2350 reges
358 2260 393 2326 el
407 2253 520 2325 Graeci
536 2252 691 2324 universi
711 2252 842 2325 honori
857 2250 991 2324 hahent
1007 2248 1059 2349 (3)
1074 2279 1111 2323 o.

183 2373 283 2443 Hanc
296 2369 486 2444 verborum
505 2367 711 2463 superbiam
733 2391 788 2442 res
808 2369 893 2464 ipsa
917 2365 1052 2464 (rarum
1069 2367 1107 2438 in
1131 2365 1250 2439 homi-

134 2486 241 2560 nihus
263 2487 310 2561 de
333 2485 529 2581 semetipsis
554 2482 844 2581 predicantibus)
866 2482 955 2558 adeo
981 2507 1055 2557 non
1079 2482 1252 2555 relellunl
1303 2499 1307 2506 ·

134 2611 196 2677 aut
222 2610 427 2694 extenuant,
448 2610 489 2675 ut
510 2607 632 2681 contra
662 2601 876 2674 confirment
907 2607 1014 2697 atque
1047 2600 1155 2672 etiam
1187 2623 1251 2672 au-

133 2726 250 2816 geant.

184 2838 247 2910 ltei
275 2837 423 2909 scenica
455 2858 596 2930 semper
627 2833 751 2909 lavisse
782 2836 866 2908 deos
903 2840 1078 2907 testantur
1107 2831 1252 2906 oracula

135 2976 246 3050 quum
266 2952 311 3026 ab
335 2951 503 3048 Apolline
525 2951 665 3046 Pythio,
689 2957 766 3022 tum
790 2975 810 3023 a
828 2954 911 3023 tove
933 2951 1115 3023 Dodonaeo
1136 2948 1248 3036 edita;

134 3069 265 3167 quihus
293 3070 446 3143 recitatis
471 3067 570 3142 addit
601 3068 855 3141 Demosthenes
889 3090 898 3138 t
938 3096 953 3134 (ι
981 3069 1071 3140 Sunt
1098 3065 1246 3153 civitati,

132 3187 378 3274 Athenienses,
405 3192 441 3259 et
454 3186 532 3258 haeo
552 3192 586 3258 et
603 3184 717 3256 multa
731 3183 801 3256 alia
816 3183 976 3273 oracula,
990 3181 1085 3256 hona
1106 3189 1140 3254 et
1160 3204 1251 3277 prae-

134 3302 242 3376 clara.
260 3303 353 3388 Quid
369 3303 476 3398 igitur
492 3300 621 3375 axillis
642 3323 706 3374 nos
726 3302 763 3372 in
784 3308 903 3374 mente
928 3299 1060 3373 hahere
1085 3303 1250 3394 oportet?

135 3417 226 3491 ltlud
244 3440 328 3491 sane
348 3439 356 3489 ε
379 3424 496 3490 cetera
519 3416 665 3512 quidem
690 3439 789 3490 sacra
804 3415 870 3488 diis
885 3417 923 3487 in
939 3437 1158 3512 unoquoque
1177 3437 1252 3486 res·

134 3557 247 3628 ponso
275 3532 464 3629 designatis
493 3534 611 3628 peragi
633 3535 790 3629 jussum,
821 3532 884 3605 sad
906 3531 1034 3605 choros
1056 3530 1193 3603 institui
1217 3536 1251 3602 et

135 3651 227 3722 cives
253 3649 416 3723 coronari
436 3649 634 3721 secundum
653 3649 767 3745 patria
789 3647 971 3736 instituta,
1012 3647 1050 3717 in
1084 3643 1251 3719 omnibus

135 3788 275 3860 semper
305 3764 460 3838 oraculis
492 3764 654 3837 additum
679 3763 745 3862 (l).
777 3792 793 3829 »
829 3765 914 3835 Haeo
945 3759 1117 3834 vocabula
1148 3764 1251 3857 χόρους

135 3881 256 3950 ἱστάναι
273 3880 380 3954 latius
395 3903 503 3977 quam
519 3879 563 3954 ad
579 3881 708 3953 choros
723 3882 818 3975 ipsos
828 3884 984 3975 spectare
995 3883 1031 3951 et
1043 3901 1119 3950 rem
1131 3877 1249 3949 sceni-

173 4127 215 4208 (l)
237 4129 280 4188 De
302 4126 410 4188 thiasis
425 4126 494 4187 vide
512 4125 660 4200 Fouoart,
679 4123 727 4185 des
742 4123 937 4184 Assoriotions
951 4122 1115 4203 relipr‘euses
1129 4120 1195 4184 alez
1210 4119 1250 4182 les

135 4219 232 4282 Graes.
248 4222 347 4297 Paris,
363 4225 452 4282 1873.
758 4286 765 4309 ›

173 4313 214 4396 (ἢ)
237 4318 288 4377 Fr.
304 4319 504 4388 Lenormant,
519 4310 695 4375 Berderodes
707 4315 726 4373 d
739 4312 867 4385 Eleush,
884 4316 933 4389 ⁹26,
950 4311 972 4372 l.
989 4316 1039 4373 43.

174 4407 214 4488 (3)
241 4408 355 4489 Corpus
369 4409 456 4469 inser.
473 4428 533 4487 pr„
550 4408 639 4482 3067,
653 4406 675 4467 l.
693 4409 795 4468 latr.

174 4502 217 4583 (l)
237 4504 412 4580 Dernosth.,
430 4503 459 4562 io
475 4501 608 4574 llr'dt'omj
625 4504 730 4563 51-552
