3120 5302
722 564 761 576 ..
782 534 820 593 35
843 565 882 578 ...

293 665 499 738 Secundum
515 663 612 755 deos,
627 664 773 760 plurimi
789 689 914 762 regum
929 665 1097 750 honores,
1116 686 1188 735 nen
1209 663 1360 734 humani

243 779 360 853 scium
375 781 436 855 sed
451 781 554 855 etiam
571 781 693 871 divini,
723 783 891 878 pessime,
913 782 975 855 scd
991 781 1119 854 usitate
1139 779 1236 875 apud
1251 779 1360 851 victos

241 896 383 970 Graecus
397 897 613 971 adulationis
632 921 774 994 genere,
798 898 964 971 homines
983 898 1020 969 iu
1040 895 1152 992 gratia
1172 893 1359 970 referenda

238 1020 300 1086 eut
315 1013 507 1109 quaerenda
526 1012 749 1087 immodicos.
768 1013 880 1087 Effusi
896 1019 1015 1087 nutem
1035 1012 1188 1086 artifices
1210 1011 1358 1086 fuerunt

239 1126 275 1197 in
295 1127 470 1202 honorem
487 1151 611 1225 regum
629 1128 943 1226 Pergamenorum.
966 1127 1146 1204 sacrificia
1163 1129 1259 1203 enirn
1279 1151 1356 1225 per-

238 1246 293 1340 ugi
312 1245 470 1320 solebant
491 1271 563 1320 non
583 1247 651 1322 diis
670 1247 805 1336 solnm,
830 1248 892 1320 sed
911 1246 1053 1344 regibus
1081 1258 1249 1321 eteorum
1269 1270 1352 1321 uxu-

238 1360 335 1434 ribus
351 1375 384 1435 et
398 1362 565 1437 fratribus
577 1365 668 1462 regis
683 1363 854 1438 Eumenis
863 1391 872 1454 ;
889 1363 1061 1437 laudatur
1075 1364 1112 1435 in
1131 1363 1239 1436 sacris
1259 1363 1350 1438 faci-

236 1476 336 1550 endis
352 1479 463 1573 pietas
475 1481 665 1555 sacerdotis
678 1504 760 1578 erga
774 1482 858 1554 deos
871 1488 906 1556 et
917 1503 1015 1577 reges
1032 1478 1098 1578 (1).
1112 1483 1160 1552 De
1170 1480 1352 1553 sacerdote

236 1595 405 1667 Eumenis
425 1601 459 1668 et
483 1596 549 1668 vivi
582 1607 616 1670 et
639 1595 800 1670 defuncti
822 1596 896 1693 jam
917 1596 1050 1668 mentio
1071 1595 1162 1668 facta
1181 1601 1235 1668 est
1259 1593 1352 1692 (vide

235 1736 271 1807 p.
295 1710 370 1810 20).
391 1712 485 1799 Quin
503 1714 622 1803 etiam,
643 1719 683 1785 nt
701 1713 812 1808 ipsius
831 1711 971 1800 Bacchi,
991 1712 1039 1784 ite
1054 1711 1144 1808 regis
1159 1710 1235 1785 dies
1254 1735 1352 1786 sacra

234 1852 315 1901 curn
331 1853 462 1925 pompa
481 1831 643 1904 instituta
669 1830 746 1902 fuit.
776 1832 848 1902 Nec
871 1828 990 1901 minor
1010 1826 1149 1924 collegii
1173 1851 1255 1925 erga
1283 1828 1351 1902 fra-

230 1951 320 2018 trem
354 1943 510 2018 Attalum
540 1969 606 2020 nec
626 1945 736 2042 magis
762 1945 960 2017 verecunda
990 1943 1113 2040 pietas.
1143 1945 1284 2040 Quippe
1312 1945 1348 2016 in

230 2060 306 2157 ejus
347 2061 521 2135 honorem
569 2061 682 2137 eedem
733 2062 872 2135 theatro
915 2061 1120 2157 contiguam
1167 2059 1349 2136 dedicave-

219 2182 313 2248 runt
331 2173 398 2273 (Ξ),
427 2185 461 2250 ct
481 2177 677 2252 solenniter
705 2179 900 2252 certamina
922 2179 998 2273 ejus
1024 2177 1170 2251 numine
1196 2181 1349 2253 cornmi-

231 2302 352 2368 serunt
382 2294 448 2395 (3)
475 2296 569 2370 illud
596 2296 763 2370 ultimum
793 2297 873 2385 fuit,
900 2298 1010 2393 quod,
1041 2296 1201 2393 neglecto
1229 2297 1347 2393 prisco

228 2408 358 2482 Bacchi
391 2412 602 2507 patrocinio,
643 2412 888 2486 Attalistarum
928 2434 1082 2504 nornen,
1129 2412 1346 2489 concedente

225 2551 321 2625 rege,
342 2529 408 2600 sibi
424 2531 721 2626 assumpserunt(
747 2528 772 2627 ).

274 2647 399 2719 Cetera
420 2645 569 2743 collegia
590 2670 663 2719 nen
690 2649 811 2720 minus
832 2645 984 2721 demisse
1010 2670 1092 2743 erga
1111 2669 1210 2744 reges
1234 2649 1342 2746 Syriae

225 2768 259 2834 et
287 2763 443 2859 AEgypti·
460 2763 580 2836 animo
613 2763 721 2835 fuisse
749 2762 938 2837 verisimile
970 2770 1048 2850 est,
1085 2788 1198 2859 quum
1235 2767 1340 2839 etiarn

223 2876 368 2968 hururn,
396 2884 437 2951 ut
462 2880 611 2953 deorum
635 2880 918 2972 benefacturum,
940 2903 1083 2954 nornen
1098 2903 1181 2954 curn
1210 2881 1339 2956 Bacchi

222 2994 391 3087 nomine,
418 2995 593 3070 sodalitati
622 2989 906 3093 suae'praescribi
942 2997 1094 3070 artifices
1126 2998 1232 3095 Cypri
1260 3006 1340 3071 stu-

222 3111 362 3185 duerint
386 3117 448 3208 (5).
560 3173 562 3176 .

261 3288 302 3370 (Ι)
327 3289 438 3372 Corpus
452 3296 542 3353 inser.
559 3313 620 3373 pru,
639 3295 727 3369 3067,
745 3293 767 3353 l.
784 3296 840 3367 133
859 3295 937 3356 3068
951 3295 987 3368 Β,
1006 3293 1027 3353 l.
1044 3297 1074 3356 8.

260 3386 301 3458 (ἓ)
325 3383 437 3465 Corpus
452 3387 541 3448 inser.
555 3407 616 3467 pru,
631 3391 719 3458 3069,
735 3387 756 3447 l.
774 3390 821 3448 20.

258 3477 300 3556 (3)
321 3481 363 3538 Le
377 3481 437 3540 Bas
452 3487 482 3542 et
493 3482 719 3560 Waddingt0n‚
735 3481 829 3541 Inscr.
846 3481 1096 3557 d'Au'e-Mt'ueure,
1113 3486 1162 3545 93.

260 3571 301 3650 (4)
323 3570 435 3653 Corpus
449 3575 536 3635 teser.
549 3596 610 3656 pru,
625 3578 713 3638 3069.

258 3663 300 3744 (5)
323 3665 436 3747 Corpus
449 3669 536 3730 inser.
557 3689 620 3750 pr„
641 3671 731 3732 2620.
751 3703 791 3716 -
804 3669 845 3740 Le
859 3671 919 3731 Bas
938 3676 969 3731 et
988 3672 1213 3751 Waddington,
1238 3671 1329 3734 Inscr.

217 3757 475 3836 d'sfst‘e·Mt'ueure‚
495 3768 582 3826 2794.
