3120 5302
697 509 855 567 ...95-

217 642 357 714 addicta
380 648 444 726 est,
472 641 530 712 sed
557 661 680 713 omnes
710 639 816 713 urbes
836 639 977 735 imperii
1004 639 1134 728 invisit,
1157 651 1334 737 περιπολισ-

217 765 300 835 τική.
319 755 421 843 Quod
443 756 541 828 haud
566 756 746 829 immerito
766 753 871 852 adjici
892 760 1093 828 monstrant
1111 755 1205 828 tituli
1221 757 1258 829 in
1275 781 1335 829 re-

217 873 384 972 gionibns
395 873 546 946 maxime
560 873 704 945 diversis
720 872 857 944 inventi
870 897 878 946 :
891 872 978 944 hinc
992 873 1211 962 Pessinunte,
1224 874 1337 970 Thya·

218 993 310 1078 tirae,
327 989 602 1086 Aphrodisiade,
626 989 726 1061 illinc
739 988 888 1062 Athenis
903 996 938 1062 et
957 989 1138 1062 Nemausi.

267 1106 400 1180 Similis
426 1105 505 1194 suit,
532 1106 589 1177 his
610 1104 843 1201 temporibus,
867 1103 1083 1178 athletarum
1108 1106 1193 1179 ratio
1216 1107 1337 1202 quiex

218 1231 291 1298 toto
311 1222 396 1296 orbe
418 1229 594 1295 terrarum
619 1223 656 1293 in
678 1245 784 1294 unam
809 1219 1031 1294 sodalitatem
1050 1246 1126 1295 sese
1144 1246 1338 1321 congrega-

219 1348 356 1416 verunt.
374 1344 459 1413 Haec
478 1363 621 1438 qnoque
641 1338 838 1436 patrocinio
855 1339 1018 1412 Herculis
1035 1347 1068 1413 et
1081 1341 1338 1436 imperatorum

220 1483 256 1533 se
278 1481 414 1532 sacram
435 1457 605 1553 praedicat
617 1482 626 1543 ;
655 1455 762 1528 simili
782 1455 969 1529 titulorum
989 1456 1080 1529 tastu
1101 1463 1136 1528 et
1160 1464 1338 1554 congesta-

220 1600 298 1648 rum
310 1575 538 1647 victoriarum
554 1572 894 1646 commemoratione
904 1574 1035 1668 gaudet
1047 1570 1111 1671 (l).
1126 1575 1336 1660 Quinetiam

220 1717 294 1766 sese
311 1692 504 1787 aliquando
525 1691 744 1764 consociasse
759 1688 873 1761 ambae
889 1689 1102 1777 sodalitates,
1121 1698 1266 1787 propter
1281 1715 1338 1764 ra-

224 1811 364 1882 tionum
379 1807 651 1881 similitudinem
668 1814 704 1879 et
718 1806 887 1880 ludorum
903 1808 1208 1896 communionem,
1218 1808 1340 1882 viden-

221 1933 297 2013 tur;
320 1931 415 1998 certe
434 1924 471 1995 in
492 1922 587 1996 tituli
606 1923 786 2019 Ancyrani
807 1921 1018 2019 fragmento,
1037 1922 1134 2020 quod
1155 1921 1339 2020 descripsit

220 2046 261 2116 G.
280 2044 416 2129 Perrot,
436 2041 530 2116 idem
546 2041 611 2112 suit
631 2045 800 2136 patronus
820 2047 880 2112 aut
902 2041 1125 2137 magistratus
1143 2042 1284 2138 xysticae
1304 2046 1339 2114 et
1440 2072 1441 2077 ¹

223 2160 421 2255 thymelica
440 2155 592 2265 synodi(
619 2156 646 2256 l
909 2195 921 2290 y

271 2277 375 2349 Haud
394 2299 541 2373 parvum
561 2275 825 2348 incrementum
845 2273 962 2347 attulit
983 2279 1217 2370 utrorumque
1232 2274 1340 2348 rebus

223 2395 481 2491 imperatorum
498 2392 748 2488 patrocinium.
766 2392 872 2465 Vetus
887 2391 955 2463 luit
969 2415 1053 2464 sane
1067 2415 1143 2465 mos
1161 2391 1338 2466 artificum

225 2511 366 2608 regibus
384 2510 605 2606 Pergamenis
626 2509 881 2605 AEgyptiisque,
901 2509 1051 2582 decretis
1069 2509 1267 2583 honoribus
1288 2510 1340 2583 di-

228 2629 325 2717 vinis,
348 2626 569 2712 assentandi;
593 2623 865 2720 imperatoribus
890 2625 997 2698 etiam
1024 2626 1108 2699 vivis
1131 2628 1189 2700 dei
1209 2651 1340 2702 nomen

226 2745 376 2833 deterre,
396 2746 547 2816 maxime
568 2743 695 2814 usitata
711 2742 747 2812 in
762 2742 844 2814 Asia
856 2743 1062 2837 Graeciaque
1075 2743 1245 2818 adulatio.
1261 2749 1340 2818 Non

226 2874 358 2937 temere
374 2869 506 2948 tamen,
526 2883 605 2948 nec,
622 2858 691 2930 nisi
712 2867 892 2931 annuente
909 2860 1081 2955 principe,
1105 2861 1206 2934 licuit
1228 2862 1343 2959 impe·

225 2981 398 3055 raterium
417 3001 548 3050 nomen
570 2975 719 3072 collegio
735 2974 929 3071 praescribi,
953 2978 1219 3076 maximumque
1235 2979 1344 3052 habi-

228 3106 303 3169 tum
341 3098 384 3169 iis
412 3093 633 3190 temporibus
662 3093 732 3164 hoc
764 3091 991 3178 beneficium.
1022 3096 1206 3182 Ceterum,
1236 3120 1344 3192 quam

229 3213 400 3287 benevolo
431 3211 564 3283 luerint
592 3209 712 3282 animo
739 3233 822 3305 erga
845 3209 1050 3306 hujusmodi
1082 3211 1284 3287 sodalitates
1311 3223 1344 3289 et

229 3332 430 3404 Hadrianus
455 3336 489 3400 et
513 3327 621 3399 ceteri
646 3326 775 3399 deinde
805 3327 996 3422 principes,
1027 3329 1202 3403 aestimare
1227 3336 1344 3404 estex

230 3447 385 3544 epistolis
405 3469 493 3543 quas
512 3446 586 3540 ipse
607 3450 642 3515 et
655 3443 858 3516 Antoninus
872 3444 916 3516 ad
937 3443 1113 3539 synodum
1129 3445 1344 3521 athletarum

230 3566 445 3659 scripserunt
463 3558 527 3658 (3)
986 3577 988 3580 ‘

280 3685 321 3752 ln
341 3678 631 3753 administrandis
654 3675 760 3749 rebus
784 3677 868 3763 suis,
884 3677 1006 3750 eadem
1028 3678 1099 3753 lere
1120 3681 1258 3755 ratione
1275 3707 1346 3777 qua

230 3799 340 3894 priori
351 3804 465 3884 aetate,
484 3796 539 3867 usi
556 3800 640 3866 sunt
653 3793 796 3864 scenici.
814 3791 980 3866 Solennis
992 3794 1107 3869 torma
1122 3799 1347 3872 decretorum

231 3919 265 3984 et
282 3913 407 3999 ferme,
425 3911 515 3983 utin
536 3907 748 3994 civitatibus,
769 3915 953 4005 concepta.
973 3912 1185 4008 Exemplum
1203 3915 1346 3989 afferam

232 4028 454 4101 monumenti
482 4025 577 4123 quod
602 4025 791 4098 consulum
820 4027 1040 4118 nominibus,
1071 4055 1165 4106 anno
1195 4040 1261 4107 127
1288 4059 1345 4108 as-

233 4146 446 4243 signandum
462 4151 525 4216 est.
552 4146 778 4215 «Decretum
800 4167 907 4217 sacra
923 4147 1059 4241 synodi.
1083 4149 1219 4224 Placuit
1240 4175 1347 4225 sacrae

274 4338 316 4419 (l)
339 4337 451 4418 Carpos
464 4336 552 4398 inser.
567 4353 629 4415 pr„
643 4335 826 4396 aeon-5913.

274 4432 316 4512 (A)
336 4431 540 4510 Exploration
555 4429 798 4508 archeologique
815 4429 852 4488 de
866 4429 897 4489 la
913 4430 1043 4506 Galerio,
1060 4440 1095 4491 n⁰
1109 4437 1156 4495 21.

273 4525 312 4605 (3)
336 4527 447 4605 Corpus
461 4525 546 4585 inser.
563 4544 624 4604 pan,
640 4526 719 4586 5906
734 4529 765 4585 et
778 4525 867 4586 5907.
