3120 5302
704 510 863 569 ..20-

227 667 298 717 non
323 643 433 716 alium
449 665 523 715 esse
540 663 581 714 ac
596 641 782 714 Cratinum
798 637 993 734 Menophili
1017 641 1275 734 Pergamenum
1301 641 1346 712 ti—

226 759 381 832 bicinem
409 757 474 855 (1).
502 757 596 842 Quin
625 757 732 829 etiam
751 757 932 844 videmus,
957 754 995 827 in
1021 754 1097 851 ipso
1133 752 1344 845 sacerdotio,

226 877 454 951 Philonidam
468 876 707 949 Aristomachi
725 876 957 971 Zacynthium
975 872 1071 946 ludis
1087 873 1236 946 Soteriis
1254 897 1346 967 prae-

226 994 347 1083 fuisse,
367 1016 540 1066 unacum
556 991 726 1064 archonte
746 990 918 1086 Delphico
939 995 973 1062 et
990 988 1345 1062 hieromnemonihus

225 1110 454 1199 assidentem,
481 1116 514 1182 et
540 1109 708 1182 eumdem
729 1107 855 1180 eodem
875 1107 932 1180 die
954 1107 990 1180 in
1016 1105 1191 1179 comoedia
1215 1105 1346 1200 primas

224 1231 340 1321 partes
363 1222 507 1322 egisse(
536 1223 561 1323 ).

275 1348 315 1417 ln
333 1342 451 1439 lapide
468 1341 575 1413 etiam
590 1342 687 1432 Teio,
703 1340 864 1415 sacerdos
878 1347 931 1413 est
946 1339 1123 1413 artificum
1141 1339 1344 1413 Demetrius

226 1468 261 1535 et
284 1460 394 1533 victor
426 1457 633 1531 inscribitur
656 1457 874 1532 citharoedus
898 1457 1098 1530 Demetrius
1128 1457 1340 1545 Phocensis,

225 1599 332 1673 quem
347 1575 515 1648 eumdem
539 1596 615 1648 esse
636 1573 829 1646 verisimile
846 1573 984 1646 videtur
1004 1571 1069 1672 (3).
1096 1575 1214 1646 Unum
1235 1572 1343 1646 modo

222 1699 364 1789 poetam
386 1692 581 1764 sacerdotio
597 1690 762 1763 sunctum
782 1691 958 1776 norimus,
981 1688 1175 1762 Philiscum
1191 1689 1340 1777 scilieet,

225 1809 375 1882 Philotae
389 1808 520 1898 filium,
536 1808 804 1904 Corcyrensem,
822 1806 919 1880 haud
942 1804 1138 1902 ignobilem
1153 1806 1341 1904 tragoedia-

223 1949 303 1998 rum
317 1926 537 2021 scriptorem,
555 1946 708 2019 quarum
727 1924 834 1997 etiam
857 1922 1035 1996 nonnulla
1055 1921 1252 2018 fragmenta
1272 1945 1344 1995 ser·

222 2049 363 2130 vantur,
384 2062 507 2135 quem,
523 2044 694 2134 regnante
710 2038 902 2111 Ptolemaeo
918 2036 1167 2135 Philadelpho,
1186 2038 1342 2112 Alexan-

224 2158 336 2232 drinis
354 2154 550 2229 artificibus
570 2155 753 2251 praefuisse
781 2156 907 2228 Suidas
924 2161 959 2227 et
978 2155 1172 2229 Athenaeus
1188 2154 1343 2230 tradide-

222 2281 308 2348 runt
321 2271 386 2371 (Ι).

271 2391 313 2463 ln
332 2390 456 2463 Atticis
476 2390 602 2478 titulis,
631 2396 712 2462 ante
736 2389 979 2479 Hadrianum,
1002 2388 1103 2461 nulla
1124 2390 1258 2463 mentio
1282 2412 1340 2463 sa-

222 2506 376 2582 cerdotis
400 2507 445 2579 ad
476 2506 574 2578 hunc
598 2506 693 2579 diem
721 2512 858 2600 reperta
879 2511 951 2593 est,
986 2505 1057 2577 sire
1081 2529 1165 2579 casu
1194 2504 1339 2600 aliquo,

222 2625 294 2697 sive
315 2623 433 2718 potius
458 2622 555 2718 quod
579 2644 620 2695 ea
647 2619 800 2717 dignitas
826 2618 971 2715 publico
1001 2619 1132 2694 Bacchi
1161 2620 1333 2694 sacerdoti

222 2737 460 2813 tribuebatur.

262 2843 378 2950 =llpud
403 2853 518 2936 Teios
555 2853 759 2943 institutum
788 2854 854 2927 luit
881 2854 989 2928 etiam
1008 2854 1161 2929 alterum
1184 2854 1344 2928 sacerdo·

222 2973 326 3062 tium,
354 2993 466 3066 quum
493 2975 729 3068 Pergamenos
754 2994 855 3066 reges
876 2972 1074 3045 Eumenem
1099 2978 1134 3045 et
1157 2971 1339 3059 Attalum,

222 3111 377 3184 quorum
408 3087 589 3162 beneficiis
616 3088 809 3184 collegium
836 3095 983 3162 auctum
1017 3094 1051 3162 et
1081 3088 1342 3185 amplificatum

222 3204 350 3293 luerat,
372 3203 538 3295 artifices,
562 3205 715 3278 Asiatica
738 3202 955 3295 adulatione,
978 3211 1015 3277 et
1029 3206 1123 3279 vivos
1138 3204 1265 3277 divinis
1280 3204 1343 3277 ho-

221 3318 368 3393 noribus
385 3327 686 3416 prosequerentur
702 3328 735 3393 et
750 3327 910 3400 mortuos
923 3320 961 3392 in
981 3321 1131 3420 deorum
1147 3343 1342 3394 numerum

222 3436 397 3510 referrent
411 3434 476 3533 (5).
516 3461 518 3464 ’

270 3554 387 3650 Cypri,
406 3550 646 3626 sacerdotium
662 3553 887 3628 scenicorum
905 3577 988 3631 eum
1013 3578 1138 3651 regum
1163 3554 1343 3652 AEgpptio·

222 3693 301 3743 rum
317 3669 416 3742 cultu
434 3676 470 3742 et
490 3666 684 3763 aliquando
704 3692 787 3741 cum
807 3668 952 3765 publico
970 3671 1120 3743 civitatis
1144 3670 1342 3744 sacerdotio

220 3785 453 3882 conjunctum
478 3783 545 3857 l‘uit
561 3807 570 3854 :
589 3806 744 3856 summus
764 3784 917 3858 sacerdos
941 3787 1091 3871 ciuitatis
1113 3798 1147 3858 et
1170 3786 1342 3884 artificum

260 4038 301 4119 (Ι)
325 4035 438 4117 Corpus
453 4041 544 4096 inser.
555 4054 618 4113 pr„
630 4036 721 4112 3070,
733 4027 824 4099 3090.

257 4130 301 4214 (ἓ)
320 4129 512 4210 [rescriptione
527 4128 646 4189 ioe'dites
660 4127 694 4189 de
708 4129 846 4210 Delphos,
862 4130 914 4206 ΙΙΙ,
931 4129 953 4191 Ι.
969 4135 1032 4194 eet
1047 4133 1097 4194 le.

257 4225 297 4306 (3)
317 4228 360 4287 Le
373 4227 434 4285 Bas
449 4229 480 4284 et
492 4221 719 4301 Waddington‚
736 4222 830 4285 lusor.
845 4223 1102 4300 aldae-Minoum,
1117 4228 1166 4287 93.

253 4318 297 4399 (4)
320 4321 510 4396 Fragmenta
525 4315 720 4395 tragicorum
734 4335 922 4396 graecorum,
942 4317 989 4377 ed.
1005 4318 1109 4395 Didot,
1125 4339 1157 4398 p.
1175 4321 1245 4380 156.

257 4414 298 4492 (5)
324 4411 437 4491 Corpus
452 4411 539 4471 z'oscr.
555 4429 616 4488 pn,
633 4412 712 4472 3068
728 4414 764 4486 A,
781 4412 803 4473 l.
821 4416 833 4472 l
852 4416 883 4472 et
899 4414 953 4486 173
978 4413 1067 4487 3070,
1085 4413 1108 4473 Ι.
1121 4418 1147 4474 2.
1165 4446 1204 4459 -
1223 4414 1266 4474 Le
1280 4414 1341 4474 Bas

217 4514 249 4570 et
259 4506 487 4585 Waddington,
498 4502 592 4566 lusor.
608 4501 867 4578 d'Asie·Mioeure,
883 4509 939 4582 933
956 4506 996 4566 cl.
1009 4510 1058 4569 88.
