3120 5302
693 514 850 573 ..1¹1-

217 641 359 716 dicendi
373 643 533 734 facultas,
548 669 612 742 pro
620 645 701 743 jure
717 671 781 721 suo
792 646 1002 720 sententiam
1015 645 1221 741 protulerat,
1240 645 1331 719 fere-

216 757 349 832 bantur
363 760 541 857 suffragia,
566 763 642 836 sine
661 763 792 859 quibus
810 763 902 836 nihil
922 770 1040 836 ratum
1059 786 1134 836 esse
1152 763 1280 859 potuit.

267 876 410 949 Etenim
429 874 497 965 lex,
520 878 728 975 priusquam
747 881 892 975 vigeret,
913 878 1037 975 populi
1056 879 1144 951 scito
1161 887 1238 952 erat
1252 903 1335 953 san-

220 989 380 1084 cienda(
406 992 433 1088 ).

266 1106 301 1179 si
324 1109 413 1204 quid
436 1111 567 1206 negotii
589 1135 672 1185 cum
696 1111 849 1184 externis
868 1109 1016 1206 collegio
1042 1109 1245 1202 incidisset,
1266 1112 1337 1184 sive

221 1231 262 1297 ut
279 1225 424 1319 pactum
444 1226 545 1300 fieret
570 1228 614 1301 do
638 1228 820 1301 mittendis
846 1228 891 1301 ad
916 1226 1003 1300 festa
1028 1227 1164 1324 agenda
1191 1228 1339 1302 artifici-

222 1339 289 1412 bus
303 1339 367 1434 (ἓ),
386 1340 457 1414 sive
473 1351 513 1415 ut
526 1345 609 1440 jura
635 1366 699 1417 sua
722 1341 819 1439 apud
838 1342 1107 1437 Amphictiones
1126 1350 1287 1418 tueretur
1307 1350 1340 1418 et

222 1478 346 1529 eorum
364 1459 572 1554 praesidium
593 1458 660 1533 sibi
678 1460 872 1533 vindicaret
892 1459 960 1555 (3),
984 1458 1164 1534 ferebatur
1187 1461 1225 1532 in
1251 1483 1341 1534 con-

224 1571 326 1645 cione
349 1570 534 1647 decretum
560 1598 631 1670 quo
651 1574 874 1649 conditiones
898 1575 991 1671 pacti
1019 1582 1080 1649 aut
1107 1599 1163 1650 res
1178 1574 1343 1672 petendae

224 1687 479 1777 definirentur3
506 1690 625 1787 legati,
657 1697 692 1764 et
715 1691 741 1763 ii
761 1692 907 1787 quidem
937 1715 979 1764 ex
999 1692 1177 1765 artificum
1197 1715 1345 1788 corpore

225 1803 400 1900 suffragiis
419 1804 604 1902 designati,
623 1807 715 1879 nihil
732 1806 832 1880 aliud
851 1830 958 1902 quam
980 1806 1104 1904 populi
1128 1808 1257 1880 scitum
1280 1806 1345 1880 de-

226 1919 384 1994 ferebant
398 1928 434 1995 et
448 1921 562 1996 verbis
582 1922 786 1996 tuebantur.

273 2040 324 2109 De
347 2038 531 2110 communi
553 2039 694 2126 aerario,
710 2045 751 2110 ut
768 2062 833 2135 par
853 2045 948 2129 erat,
969 2062 1160 2113 commune
1179 2039 1342 2112 omnium

226 2152 430 2228 consilium.
453 2156 643 2251 Postquam
668 2162 823 2251 quaestor
846 2135 1141 2229 eorum'nomina
1170 2178 1190 2228 a
1213 2153 1344 2252 quibus

226 2270 387 2365 pecunie
411 2276 511 2342 erant
532 2270 733 2367 repetendae
754 2270 969 2368 protulerat,
985 2272 1163 2345 artificum
1179 2279 1255 2345 erat
1277 2278 1345 2345 sta-

227 2391 324 2461 tuere
358 2399 477 2459 utrum
516 2387 634 2461 debita
660 2388 880 2461 remitterent
904 2412 950 2461 an
972 2388 1054 2484 jure
1082 2411 1345 2485 persequeren-

227 2510 284 2576 tur
300 2499 365 2600 (l).
390 2501 494 2575 Haud
509 2503 578 2576 alia
598 2504 749 2591 ratione,
768 2504 796 2575 si
813 2503 899 2599 quid
923 2511 998 2577 erat
1023 2504 1295 2595 edificandum,
1317 2505 1346 2577 si

228 2618 315 2712 quid
329 2619 375 2691 ad
393 2616 544 2692 deorum
567 2618 705 2692 cultum
720 2627 782 2692 aut
795 2618 1023 2716 splendorem
1043 2619 1183 2715 collegii
1199 2641 1345 2714 compa-

228 2735 394 2822 randum,
412 2734 579 2830 expositis
602 2757 666 2830 per
683 2735 930 2831 magistratum
950 2733 1344 2831 rationibus‚.populus

230 2851 440 2924 seutentiam
457 2848 618 2948 ferebat(
646 2849 671 2949 ).

278 2968 382 3064 Apud
406 2966 572 3042 eumdem
595 2968 703 3040 etiam
732 2989 916 3040 sacrorum
945 2974 1112 3062 potestas,
1134 2990 1248 3063 quum
1272 2989 1345 3039 non

230 3085 298 3157 nisi
318 3083 443 3180 populi
454 3084 570 3181 jussu,
589 3106 679 3157 nova
697 3105 796 3156 sacra
811 3085 1113 3156 constituerentur
1134 3089 1195 3158 aut
1213 3080 1347 3179 templa

230 3201 449 3298 erigerentur
469 3199 536 3299 (6).

282 3322 329 3390 Dc
348 3317 505 3414 praemiis
523 3339 604 3391 vero
620 3323 655 3388 et
673 3315 872 3390 honoribus
890 3316 1020 3414 quibus
1036 3317 1147 3414 gratia
1165 3315 1256 3391 bene
1271 3341 1348 3391 me-

233 3434 306 3507 ritis
323 3432 557 3522 referebatur,
580 3440 652 3507 tota
670 3456 727 3508 res
741 3439 817 3509 erat
834 3433 1017 3507 concionis
1034 3440 1069 3505 et
1088 3431 1240 3507 decretis
1259 3456 1348 3530 age-

232 3549 335 3625 batur
351 3546 442 3646 (vide
458 3574 493 3646 p.
514 3549 588 3648 25).

281 3664 375 3738 lllud
391 3673 509 3739 autem
528 3689 601 3740 non
617 3665 766 3740 minoris
784 3665 958 3740 momenti
974 3689 983 3737 :
1001 3664 1174 3761 suffragiis
1189 3663 1349 3761 designa·

234 3781 361 3856 bantur
377 3782 402 3854 ii
426 3781 555 3878 quibus
569 3782 607 3855 in
628 3789 789 3856 externas
808 3782 963 3857 civitates
979 3781 1022 3856 ad
1038 3783 1191 3879 agendos
1210 3782 1348 3855 senicos
1452 3843 1454 3850 .

304 4032 315 4115 )
329 4032 442 4114 Corpus
455 4036 544 4094 inser.
556 4052 617 4114 pr„
633 4034 724 4096 3069.

304 4128 316 4208 )
336 4131 378 4188 Le
396 4129 455 4188 Bas
470 4133 501 4188 et
512 4126 737 4204 Waddington,
750 4126 845 4186 fusor.
859 4124 1115 4202 d'Asie-Miueure,
1131 4128 1202 4189 rel.

303 4222 314 4302 )
335 4224 467 4282 Decreta
480 4219 750 4300 Amphictionum.

306 4317 315 4392 )
339 4318 484 4391 Foucart,
500 4315 599 4375 Reduc
613 4312 756 4390 orebeol„
774 4316 862 4386 1870,
877 4321 901 4376 t.
917 4315 956 4392 ll,
972 4333 1004 4394 p.
1020 4319 1088 4393 107,
1099 4315 1122 4377 l.
1136 4318 1217 4379 e-lo.

306 4409 317 4490 )
338 4408 458 4483 Ibidem,
474 4409 495 4468 l.
512 4410 616 4484 leue,
634 4412 739 4470 26-28.
866 4484 872 4498 .

306 4503 317 4583 )
338 4504 390 4564 Fr.
406 4504 604 4577 Lenormaut,
622 4501 799 4564 Reclrercbes
814 4501 832 4562 ἀ
846 4503 878 4565 E
880 4502 974 4578 leucis,
990 4507 1040 4582 26,
1056 4505 1078 4570 1.
1096 4507 1162 4582 7-9,
1179 4507 1227 4566 18.
1334 4554 1337 4566 .

1191 4602 1209 4658 2
