3120 5302
629 549 806 609 -lol-

169 703 292 752 omnes
310 680 540 753 vehementer
561 687 783 777 appeterent,
811 680 945 753 facilior
963 681 1106 752 iuventa
1127 687 1179 752 est
1198 682 1286 754 ratio

169 819 241 892 qua
260 820 338 869 eam
355 799 653 892 adipiscerentur;
675 821 804 893 nempe
823 799 852 870 si
872 798 952 894 quis
966 798 1004 869 iu
1023 797 1122 869 novis
1143 795 1239 869 ludis
1252 806 1287 871 et

169 913 370 1009 insignibus
396 913 552 1009 palmam
580 915 770 1003 retulisset,
795 921 836 986 ut
860 914 908 986 ait
928 913 989 986 ille
1013 937 1129 1009 praeco
1148 939 1155 985 :
1175 944 1191 979 «
1209 915 1285 989 Vici

170 1028 379 1101 milliarium
405 1033 538 1118 Rornae,
552 1038 698 1127 propter
714 1028 810 1125 quod
830 1052 938 1102 aureo
959 1030 1107 1124 praemio
1130 1031 1286 1104 honora·

167 1152 223 1216 tus
248 1145 318 1234 lui,
342 1145 438 1217 solus
459 1154 494 1219 et
512 1146 650 1241 primus
671 1168 880 1241 praeconum
907 1145 1025 1216 omnis
1045 1145 1240 1218 memoriae.
1263 1175 1278 1212 u

170 1261 267 1334 Idem
284 1263 450 1358 magistro
467 1285 532 1334 suo
555 1262 692 1351 tribuit,
720 1261 814 1357 quod
840 1262 916 1357 ejus
938 1267 1070 1335 statuas
1094 1285 1287 1336 consecra-

168 1384 253 1450 runt
269 1377 343 1450 Elei
366 1384 400 1450 et
420 1377 549 1476 Delphi
577 1376 642 1476 (l)
679 1379 777 1450 Idem
804 1376 943 1449 tibicini
973 1377 1093 1449 civitas
1118 1379 1288 1452 Nicome-

170 1495 298 1581 densis,
320 1495 416 1592 quod
437 1493 481 1567 ab
505 1496 608 1566 annis
630 1494 785 1568 sedecim
805 1516 888 1565 curn
911 1493 992 1567 viris
1012 1495 1173 1583 certavit;
1192 1495 1287 1569 idem

169 1611 326 1706 Gortynii
357 1611 423 1684 civi
454 1634 531 1699 suo,
551 1612 647 1708 quod
676 1613 713 1683 iu
738 1610 864 1683 eodem
889 1610 1137 1707 quinquennio
1165 1612 1287 1708 plures

168 1726 302 1823 palmas
322 1724 521 1824 retulit(2);
545 1726 641 1799 idem
653 1727 695 1800 de
713 1751 749 1799 sc
763 1725 932 1823 praedicat
948 1727 1177 1814 citharoedus,
1192 1729 1287 1824 quod

168 1842 1285 1942 continuoquatuordeciesvicit(3).Quamlaudemsingularem

168 1967 206 2031 ut
225 1959 336 2032 titulis
357 1962 429 2031 suis
450 1959 702 2049 adscriberent,
721 1960 776 2033 vel
802 1961 950 2033 minima
970 1983 1074 2033 causa
1089 1959 1218 2035 idonea
1236 1964 1287 2035 ri-

167 2075 316 2148 debatur
334 2102 341 2148 :
359 2076 494 2149 scilicet
515 2077 657 2149 victoris
677 2084 782 2164 aetaS,
807 2100 920 2173 genus
942 2078 1042 2164 artis,
1070 2101 1159 2152 nova
1183 2080 1288 2153 series

169 2194 419 2283 certaminum,
441 2193 610 2266 ludorum
627 2194 761 2267 novitas
777 2199 838 2266 aut
853 2200 1038 2289 partorum
1054 2194 1247 2267 honorum.

216 2313 264 2381 Ea
294 2311 550 2406 cognominum
572 2311 765 2406 insignium
795 2311 936 2383 insania
967 2312 1014 2382 ita
1044 2313 1170 2383 exarsit
1192 2316 1285 2387 Nero
1343 2392 1346 2398 ,

169 2433 207 2498 ut
222 2427 342 2498 omnia
362 2427 399 2498 in
420 2450 455 2500 se
474 2428 617 2523 congeri
638 2426 744 2499 vellet
759 2434 826 2499 etc
847 2426 991 2499 Graeciae
1005 2426 1099 2499 ludis
1113 2429 1286 2503 universis

166 2543 288 2615 titulos
303 2544 530 2617 victoriarum
550 2543 694 2616 reterre.
715 2546 754 2614 ln
778 2543 913 2615 musico
934 2544 1042 2639 igitur
1061 2544 1284 2640 imperatoris

167 2660 347 2754 triumpho
364 2660 645 2755 praeferebantur
661 2659 800 2732 tabellae
815 2661 924 2732 hastis
936 2660 1068 2749 infixae,
1085 2661 1285 2758 plusquam

168 2775 265 2848 mille
292 2783 326 2850 et
347 2778 574 2871 octingentae,
604 2774 735 2870 quibus
765 2776 976 2870 inscriptum
1007 2775 1216 2872 fueratque
1247 2780 1284 2850 in

170 2894 362 2964 certamine
383 2893 519 2965 vicisset
537 2896 629 2964 Nero
650 2894 766 2963 Caesar
782 2892 919 2987 primus
942 2898 975 2964 et
995 2891 1091 2963 solus
1110 2895 1286 2967 Romano-

167 3032 249 3079 rum
268 3010 383 3080 omnis
399 3007 594 3079 memoriae.
613 3010 726 3093 Quam
750 3006 898 3102 gloriam
921 3011 961 3077 ut
982 3029 1053 3078 non
1072 3005 1193 3079 verbis
1208 3014 1285 3080 tan·

166 3131 241 3197 tum
263 3125 322 3197 sed
344 3126 451 3196 etiam
472 3149 509 3198 re
529 3130 709 3213 tueretur,
739 3122 897 3219 prudens
921 3123 1113 3218 imperator
1133 3124 1286 3219 jusserat

165 3266 290 3316 omnes
305 3243 469 3315 omniurn
490 3243 551 3337 qui
573 3242 671 3337 prius
695 3241 852 3312 vicerant
870 3246 1003 3311 statuas
1022 3240 1123 3311 uncis
1144 3241 1284 3314 detrudi

165 3362 260 3433 etin
287 3359 436 3433 latrinas
462 3359 576 3454 dejici.
605 3358 658 3430 Ad
687 3357 903 3453 Capitolium
932 3367 1051 3430 autem
1078 3359 1284 3431 ascendenti

161 3477 433 3573 jucundissimae
461 3474 742 3548 exaudiebantur
773 3480 976 3547 senatorum
1012 3498 1113 3546 voces
1142 3474 1284 3547 concla-

166 3594 368 3666 mantium:
397 3621 413 3659 n
433 3592 530 3666 Vah!
555 3592 816 3688 Olympionica,
844 3590 1064 3686 Pythionica,
1093 3590 1160 3662 vah
1174 3593 1185 3661 t
1212 3592 1286 3661 Au·

164 3712 282 3806 gustet
312 3713 425 3793 Quam
448 3707 545 3780 solus
573 3731 609 3780 es
632 3707 877 3803 periodonica,
905 3728 1013 3802 quam
1044 3704 1140 3778 solus
1167 3706 1284 3778 omnis

164 3826 359 3913 memoriae,
376 3827 533 3919 Auguste
555 3820 620 3921 (llt
646 3853 662 3888 o
682 3826 768 3908 Quae
791 3822 911 3896 omnia
926 3824 1001 3918 jam
1017 3845 1037 3894 a
1052 3822 1201 3895 scenicis
1225 3845 1284 3896 ex-

166 3943 317 4037 cogitata
340 3937 407 4012 sibi
432 3939 624 4012 vindicavit
642 3941 748 4026 Nero,
773 3941 810 4011 in
832 3939 1047 4010 immensum
1070 3961 1226 4035 angens3
1250 3945 1285 4012 et

166 4038 291 4129 cadem
309 4064 429 4153 postea
441 4063 611 4152 appetere
631 4079 704 4128 non
720 4053 930 4128 destiterunt
943 4055 1108 4128 artifices.

214 4178 332 4259 Quum
364 4197 446 4245 vero
478 4173 627 4268 singulis
659 4173 814 4245 victoriis
850 4171 1173 4245 commemorandis
1208 4173 1282 4268 J‘am

204 4364 242 4442 (l)
264 4362 423 4436 Philistor,
438 4369 462 4421 t.
480 4363 504 4439 l,
520 4381 550 4441 p.
565 4364 633 4423 329.

204 4458 246 4538 (2)
269 4458 381 4536 Corpus
397 4457 484 4518 inser.
501 4477 565 4537 pru,
581 4458 659 4518 lrao
677 4461 708 4515 ct
723 4456 810 4515 1719.
822 4453 912 4532 -(3)
928 4451 1057 4527 lbidem,
1073 4455 1161 4514 3208.

209 4551 250 4631 (le)
271 4550 329 4609 Dio
345 4551 478 4627 Cassius,
493 4551 596 4626 LXlll,
612 4553 642 4623 8,
660 4551 698 4610 lo
711 4554 742 4609 cl
756 4551 804 4609 20·
816 4581 853 4593 -
865 4549 1005 4622 Sueten,
1022 4545 1111 4622 Nera,
1127 4550 1176 4606 al.
1270 4616 1273 4621 ,
