3120 5302
699 541 858 603 ...28-

223 679 321 750 rimis
334 676 448 750 titulis
468 677 690 751 innotuerint
712 685 745 750 et
772 676 1035 750 commentariis
1062 676 1131 748 sint
1154 675 1335 765 illustrati,

222 801 262 866 ut
287 793 359 865 lere
383 793 458 890 jam
481 792 582 866 nulla
613 817 666 866 res
690 793 820 866 melius
840 795 884 865 sit
904 791 1165 889 perspecta(l).
1189 792 1243 864 Ad
1261 816 1338 865 rem

220 932 334 1006 pauca
360 910 443 982 satis
464 910 530 982 erit
553 911 675 1005 repeti.
703 913 883 982 Proxenus
902 909 1032 981 dicitur
1051 909 1079 980 is
1099 908 1162 1004 qui
1184 913 1339 980 exterum

222 1027 372 1099 civitatis
390 1026 430 1098 fit
443 1024 610 1122 publicus
627 1026 769 1122 hospes,
785 1025 834 1099 ita
850 1032 971 1098 tamen
989 1030 1029 1097 ut
1045 1025 1082 1096 in
1098 1023 1213 1121 patria
1228 1045 1341 1095 rema·

221 1149 315 1216 neat.
338 1146 383 1230 Is,
410 1165 475 1238 pro
496 1165 658 1228 munere,
681 1141 812 1238 legatos
835 1140 990 1237 hospitio
1009 1141 1154 1235 excipit;
1176 1140 1225 1213 eis
1245 1161 1340 1212 con-

222 1258 291 1330 silii
322 1257 519 1354 populique
550 1258 709 1331 adeundi
738 1258 877 1353 copiam
907 1256 1008 1345 sacit3
1039 1255 1185 1352 privatis
1210 1255 1271 1352 qui
1304 1255 1341 1326 in

221 1374 333 1470 ipsius
352 1373 441 1447 urbe
460 1375 744 1470 peregrinantur,
773 1372 981 1460 auxiliatum
1009 1371 1158 1446 omniuo
1184 1393 1240 1444 res
1265 1370 1341 1467 pri-

223 1497 317 1564 vatas
332 1489 564 1586 publicasque
576 1489 722 1563 illorum
738 1512 893 1585 quorum
907 1487 1050 1562 decreto
1069 1510 1247 1583 prouenus
1260 1486 1341 1559 lac-

222 1614 279 1679 tus
295 1612 346 1679 est
362 1606 458 1702 apud
474 1630 556 1679 suos
573 1606 715 1702 adjuvat
728 1613 762 1679 et
776 1611 908 1679 tuetur.
927 1609 1032 1677 Hunc
1046 1605 1154 1700 igitur
1168 1605 1339 1700 Zeuxippi

222 1720 352 1810 filium,
376 1722 478 1820 cujus
503 1728 617 1796 statua
640 1722 684 1795 ab
713 1720 909 1795 artificibus
931 1721 1069 1794 Baccho
1096 1727 1336 1806 consecratur,

223 1838 433 1912 Thebanum
453 1862 528 1912 esse
552 1839 664 1912 civem
687 1844 835 1935 apparet
857 1842 891 1909 et
913 1837 951 1909 in
973 1837 1086 1933 patria
1111 1859 1173 1909 sua
1192 1837 1336 1908 versari.

223 1958 337 2040 Quem
365 1955 496 2028 scenici
515 1978 557 2028 ex
581 1955 715 2028 Isthmo
737 1960 773 2026 et
793 1957 927 2026 Nemea
945 1974 1143 2050 proxenum
1169 1951 1235 2025 sibi
1259 1951 1340 2025 elc-

221 2078 349 2168 gerunt
374 2079 415 2144 ut
436 2069 618 2167 publicam
642 2069 782 2165 collegii
810 2069 1014 2156 utilitatem,
1041 2069 1069 2140 si
1096 2069 1183 2164 quid
1209 2070 1339 2166 negotii

221 2191 306 2286 ipsis
328 2213 411 2265 cum
431 2189 601 2263 Thebano
617 2189 752 2286 populo
776 2186 961 2277 incideret,
984 2187 1111 2260 ciliciis
1128 2194 1163 2260 et
1184 2188 1337 2260 auctori-

222 2311 291 2379 tate
313 2313 564 2393 metueretur,
586 2304 766 2401 simulque
785 2304 929 2400 privatis
948 2303 1126 2377 artificum
1145 2305 1336 2377 necessita-

223 2419 315 2494 tibus
336 2423 397 2518 qui
419 2420 571 2508 ThebaS,
598 2421 739 2493 artificii
760 2421 883 2517 gratia,
907 2443 981 2493 sese
1011 2419 1256 2509 contulissent,
1274 2420 1337 2493 ubi

220 2558 311 2631 opus
326 2542 428 2620 esset,
445 2535 660 2610 subveniret.

163 2655 165 2657 ’
268 2651 366 2738 Quin
382 2652 488 2724 etiam
509 2651 658 2746 collegia
672 2673 773 2723 suam
790 2674 864 2723 rem
880 2649 975 2746 apud
994 2651 1150 2724 civitates
1167 2657 1337 2748 tanquam

221 2792 325 2866 aequo
341 2769 422 2865 jure
437 2791 500 2864 per
515 2767 710 2864 legationes
729 2767 982 2842 defendebant.
1002 2772 1095 2854 Quas
1111 2767 1263 2866 benigue
1281 2795 1338 2843 ex-

81 2959 83 2962 .
221 2886 290 2982 cipi
312 2884 432 2959 solitas
452 2885 561 2958 luisse
579 2909 621 2957 ex
641 2908 684 2958 eo
701 2885 871 2980 conjicias
887 2887 983 2980 quod
996 2887 1070 2958 Teii
1091 2885 1244 2959 artifices
1266 2885 1337 2960 duo

221 3000 352 3097 legatos
370 3001 414 3075 ad
434 3002 609 3099 populum
624 3001 799 3075 miserunt
813 3008 853 3073 ut
872 3000 972 3073 locus
987 3000 1053 3073 sibi
1070 3000 1115 3075 ad
1135 3003 1337 3098 ponendam

221 3117 381 3190 Cratonis
398 3117 552 3214 effigiem
567 3116 712 3211 publice
729 3117 891 3204 daretur3
910 3115 997 3190 alios
1010 3141 1153 3213 quoque
1164 3117 1208 3191 ad
1219 3121 1339 3195 Delios

221 3233 282 3328 qui
307 3232 483 3327 populum
514 3233 778 3328 consiliumque
802 3232 974 3305 adeuntes
998 3233 1231 3328 dignarentur
1260 3236 1336 3310 dari

220 3370 283 3418 suo
299 3346 448 3444 collegio
466 3346 586 3421 locum
605 3347 728 3441 inquo
743 3356 935 3445 poneretur
950 3349 1109 3446 ejusdem
1123 3350 1255 3448 effigies
1266 3352 1333 3452 (2).

221 3467 260 3535 ln
282 3462 352 3536 alio
373 3463 504 3559 lapide,
531 3464 659 3561 prioris
681 3463 867 3560 legationis
887 3467 1036 3538 comiter
1061 3466 1105 3540 ab
1135 3469 1336 3542 Iasensibus

218 3585 372 3675 excepta
393 3580 432 3651 fit
452 3580 608 3667 mentio;
632 3587 709 3653 tum
733 3579 844 3653 altera
859 3579 903 3653 ad
924 3579 1067 3655 eosdem
1087 3583 1240 3656 mittitur
1255 3609 1335 3681 quae

219 3693 402 3768 decretum
427 3695 569 3792 collegii
587 3695 630 3768 de
647 3697 829 3770 mittendis
845 3699 964 3769 lasum
985 3696 1180 3771 artificibus
1202 3701 1247 3773 ad
1272 3725 1337 3799 po-

217 3810 346 3908 pulum
367 3817 605 3908 senatumque
627 3812 782 3908 perierat
805 3819 841 3885 et
869 3835 994 3886 eorum
1014 3816 1197 3888 sententiis
1218 3824 1336 3891 ratum

217 3927 294 4001 lieri
315 3934 428 4001 curet.
455 3930 535 4016 Qua
559 3928 733 4025 legatione
754 3928 955 4024 funguntur
969 3937 1072 4025 poeta
1087 3932 1253 4028 tragicus,
1280 3937 1337 4008 ci-
1359 3958 1360 3961 ’

218 4043 416 4134 thanedos,
442 4044 666 4141 synagonista
689 4045 854 4140 tragicus,
882 4047 931 4119 ita
957 4046 1134 4144 suffragiis
1158 4052 1336 4124 sociorum

218 4157 392 4256 designati
414 4169 452 4232 ut
476 4161 671 4256 unicuique
695 4159 804 4233 trium
829 4163 984 4257 partium
1003 4163 1134 4258 quibus
1154 4166 1336 4241 constabat

258 4436 300 4515 (1)
321 4436 378 4498 oh.
395 4437 507 4513 Tissot,
522 4437 570 4498 des
584 4436 745 4498 Prooee'nies
757 4457 905 4519 prccques,
922 4439 1026 4519 Dijon,
1044 4442 1132 4503 1863.

178 4527 185 4548 “
255 4532 294 4611 (2)
317 4529 434 4611 Corpus
448 4531 538 4593 inser.
554 4551 615 4611 pr,
636 4533 726 4607 3067,
740 4532 773 4592 in
787 4532 862 4594 fine.
