3120 5302
821 596 960 652 ..4-

337 742 411 794 rem
427 720 604 794 affirmare
626 728 695 795 tam
712 722 947 812 incredibilia,
964 725 1032 797 nisi
1056 723 1312 796 Demosthenes
1326 745 1446 798 exem-

332 837 392 934 pla
413 845 707 913 commemoraret
728 838 891 914 vindicta
919 839 1101 936 capitalis.‘
1115 839 1303 912 Ctesiclem
1324 864 1447 935 quem·

334 952 430 1042 dam,
464 955 559 1051 quod
592 955 630 1026 in
662 978 793 1052 pompa
820 957 1006 1030 inimicum
1034 963 1133 1030 scuto
1164 955 1385 1052 pulsavisset,
1413 963 1446 1028 et

332 1069 486 1166 populus
499 1076 636 1145 sontem
648 1070 837 1146 declaravit
846 1080 881 1147 et
889 1073 1028 1170 judices
1042 1078 1155 1147 morte
1170 1073 1443 1146 mulctaverunt.

332 1186 433 1260 Alius
452 1188 560 1261 etiarn
575 1188 637 1285 qui
652 1195 885 1284 spectatorem
905 1190 948 1263 de
970 1189 1072 1263 sedili
1094 1189 1132 1262 in
1149 1189 1286 1263 theatro
1305 1188 1440 1284 litigan-

332 1309 404 1376 tem
419 1304 453 1375 vi
472 1303 666 1399 expulerat,
689 1306 763 1403 jam
785 1306 909 1403 populi
936 1306 1113 1402 suffragiis
1136 1306 1324 1378 damnatus
1347 1304 1446 1401 judi·

332 1444 413 1493 cum
439 1421 651 1494 sententiam
674 1422 861 1519 capitalem
886 1429 1002 1496 morte
1018 1429 1155 1495 tanturn
1176 1421 1358 1495 antevertit
1378 1421 1388 1517 (
1396 1422 1443 1518 t).

330 1540 407 1609 Jarn
425 1561 467 1610 ex
482 1537 557 1633 ipsa
575 1538 827 1610 Demosthenis
842 1540 1000 1613 oratione
1017 1539 1136 1612 videre
1153 1544 1205 1611 est
1224 1559 1331 1635 quam
1346 1560 1446 1609 acer-

308 1655 311 1660 ’
328 1651 382 1725 bae
397 1652 532 1726 fuerint
547 1658 584 1724 in
598 1652 736 1727 delictis
752 1653 961 1750 hujusmodi
972 1653 1177 1728 coercendis
1195 1653 1289 1750 leges
1307 1651 1348 1725 ad
1366 1652 1447 1726 Dio·

329 1769 428 1864 nysia
447 1769 677 1864 pertinentes.
694 1772 727 1841 ls
740 1770 849 1858 enim,
864 1775 1028 1865 suscepto
1043 1794 1106 1844 sua
1121 1776 1246 1866 sponte
1265 1792 1330 1864 pro
1348 1766 1445 1841 tribu

330 1909 393 1958 sua
416 1884 560 1982 choragi
583 1908 744 1978 munere,
767 1909 881 1982 quum
906 1886 944 1957 in
970 1887 1098 1960 ceteris
1121 1909 1148 1959 a*
1163 1885 1271 1961 Midia
1288 1891 1444 1972 vexatus,

330 2008 405 2074 tum
434 2002 625 2076 novissime
654 2001 805 2100 colopho
832 2009 998 2101 exceptus
1021 2003 1059 2075 in
1085 2003 1236 2092 theatro,
1260 2002 1445 2075 inimicum

326 2118 401 2214 jam
422 2117 546 2215 populi
570 2119 777 2216 praejudicio
804 2119 1013 2194 damnatum
1037 2118 1133 2215 apud
1149 2118 1288 2216 judices
1308 2117 1351 2192 de
1374 2125 1446 2192 sta-

330 2233 463 2307 tuenda
482 2258 588 2330 poena
604 2236 841 2332 persequitur.
864 2238 894 2308 A
919 2235 1061 2332 quibus,
1085 2258 1150 2332 pro
1169 2234 1288 2331 legum
1304 2239 1445 2308 senten·

329 2351 390 2441 tia,
419 2374 483 2447 pro
502 2351 662 2446 ipsorum
678 2351 926 2450 jurejurand0‚
954 2352 1099 2428 Midiam
1124 2358 1237 2425 morte
1262 2349 1447 2424 mulctan-

330 2466 417 2540 dum
448 2491 523 2541 esse
551 2466 734 2541 contendit
752 2467 817 2566 (f),
839 2491 955 2564 noque
984 2469 1081 2541 enirn
1108 2491 1144 2542 se
1167 2468 1356 2564 privatum,
1384 2464 1445 2538 sed

330 2582 453 2680 populi
473 2583 700 2657 Atheniensis
720 2584 927 2681 choragum,
959 2590 1221 2657 sacrosanctum
1246 2583 1301 2657 dei
1326 2583 1447 2654 minis-

331 2705 441 2787 trum,
460 2699 588 2794 inipso
605 2699 739 2794 templo
759 2700 916 2772 hominis
932 2700 1145 2797 impotentia
1163 2699 1334 2773 violatum
1349 2721 1423 2772 esse
1433 2723 1441 2784 ;

330 2822 376 2907 et,
399 2813 569 2911 exemplis
589 2815 778 2911 majorum,
801 2816 969 2912 injuriam
987 2815 1139 2890 nonsibi
1156 2821 1293 2888 tantum
1310 2815 1446 2888 illatam

330 2931 391 3006 sed
405 2934 511 3006 etiam
522 2931 728 3030 reipublicae
740 2940 773 3005 et
787 2933 851 3029 ipsi
866 2934 944 3022 (leo,
965 2934 1074 3007 sontis
1087 2933 1261 3029 supplicio
1277 2932 1445 3029 piandum

329 3073 404 3122 esse
418 3048 484 3147 (3).
510 3049 560 3122 Sit
583 3049 716 3121 nimius
737 3047 839 3122 dolor
855 3055 1009 3145 acceptae
1026 3049 1267 3137 contumeliae,
1286 3049 1329 3121 sit
1344 3072 1445 3122 acer-

330 3165 420 3238 bitas
431 3166 467 3236 in
479 3165 659 3261 exigendis
669 3164 713 3238 ab
724 3165 870 3240 inimico
878 3167 993 3262 poenis
1004 3165 1205 3240 immodica.
1219 3164 1312 3238 lllud
1324 3173 1445 3240 tamen

331 3278 576 3355 confitendum
601 3289 670 3367 est,
697 3304 883 3376 nunquam
904 3303 1030 3353 ausum
1055 3281 1162 3355 fnisse
1184 3288 1256 3354 tam
1283 3283 1448 3357 atrociter

332 3400 484 3474 crimina
499 3405 690 3487 exstruere,
713 3405 785 3471 tam
801 3422 931 3473 suevam
947 3423 1089 3496 poenam
1106 3423 1290 3496 reposcere
1310 3402 1377 3473 nisi
1397 3400 1447 3473 fa·

334 3516 501 3590 cultatem
517 3517 549 3590 ei
566 3515 662 3612 leges
677 3515 721 3588 de
740 3517 916 3614 Dionysiis
936 3516 1016 3591 latae
1036 3515 1285 3612 praebuissent,
1307 3523 1341 3590 et
1355 3516 1448 3613 jndi-

336 3657 393 3706 ces
407 3633 500 3730 ipsos
520 3638 592 3705 tam
607 3631 829 3706 ambitiosam
848 3640 883 3706 et
902 3633 1077 3707 immitem
1098 3633 1358 3707 accusationem
1373 3634 1446 3706 risu

336 3772 410 3822 non
430 3747 605 3821 sententia
629 3753 837 3842 excepturos
858 3746 979 3836 fuisse,
1004 3747 1071 3819 nisi
1093 3752 1129 3819 et
1149 3746 1217 3820 alia
1236 3746 1448 3820 exstitissent

336 3864 508 3940 similium
523 3887 709 3938 causarum
725 3862 896 3959 exempla.
914 3863 999 3948 Quis
1012 3864 1108 3935 enim
1122 3870 1298 3937 oratorem
1313 3864 1451 3937 tulisset

339 3981 382 4055 do
402 4006 498 4055 socru
515 3980 626 4076 ipsius
642 3985 735 4052 veste
749 3978 901 4052 lacerata
920 3984 992 4052 tam
1006 3979 1133 4052 acriter
1145 3980 1367 4054 invehentem
1380 3977 1446 4077 (l),

380 4311 421 4392 (l)
443 4306 617 4383 Demosth,
635 4303 725 4384 lota,
742 4308 878 4370 rra-182.
898 4305 1011 4370 Confer
1031 4306 1127 4367 etiam
1141 4298 1242 4368 simile
1257 4303 1448 4388 exemplum,

338 4405 662 4578 P·(22‚)113{‡(;Sthqm
677 4493 810 4570 Mt'dr'om,
823 4497 872 4567 70,
887 4497 999 4557 15a—
1010 4494 1051 4574 (3)
1062 4495 1237 4572 Demosth,
1250 4495 1446 4570 Ibidem-7.

379 4593 422 4674 (l)
443 4590 618 4667 Demosth,
636 4587 723 4663 lota,
741 4592 789 4667 16,
806 4590 855 4652 69.
