3248 5296
733 498 832 557 -ro
851 527 889 540 -⁴

255 630 404 703 honeste
418 628 472 724 agi
493 631 677 722 putaretur
684 653 693 715 ;
713 648 951 724 quacumque
970 624 1112 698 feminae
1125 630 1186 697 aut
1202 623 1372 698 saltarent

254 753 317 819 aut
336 749 503 818 canerent
522 742 566 816 ad
584 743 708 816 tibiam
728 745 960 824 citharamve,
986 740 1129 816 serviles
1156 747 1191 815 et
1209 741 1372 838 plerum-

253 885 323 959 que
338 861 566 934 meretricum
582 859 660 933 loco
679 860 818 934 habitas
837 860 946 932 luisse
962 858 1044 931 satis
1059 863 1112 931 est
1131 864 1368 955 compertum.

252 977 418 1052 Traditur
436 975 620 1049 memoriae
637 976 826 1050 mulierem
846 976 1044 1065 tibicinam,
1070 973 1253 1070 aPhayllo
1273 975 1371 1049 Pbo-

254 1094 416 1166 censium
443 1092 533 1164 duce
557 1090 768 1180 adamatam,
791 1115 903 1188 quum
927 1091 1061 1189 Pythiis
1078 1089 1176 1163 adire
1191 1098 1371 1164 certamen

214 1209 218 1218 '
253 1209 412 1298 auderet,
430 1210 664 1306 spectantium
689 1211 742 1284 ira
769 1209 949 1284 exclusam
973 1208 1239 1305 indignantium
1260 1207 1372 1304 pollui

253 1322 422 1397 ludorum
442 1323 690 1423 sanctitatem(
718 1324 745 1424 ).

302 1440 472 1528 Omnino,
491 1439 639 1537 collegia
659 1441 798 1515 scenica
810 1465 855 1514 ex
868 1442 910 1514 iis
927 1440 1044 1515 solum
1060 1441 1295 1515 constiterunt
1309 1441 1371 1538 qui

255 1564 347 1632 artes
382 1555 511 1653 quibus
544 1557 693 1653 praemia
722 1558 758 1629 in
789 1557 884 1630 ludis
915 1558 1023 1631 saeris
1056 1555 1369 1654 proponebantur,

255 1678 502 1748 exercuerunt.
539 1672 740 1745 Discrimen
770 1673 993 1770 singulorum
1024 1671 1182 1746 inludis
1212 1672 1370 1768 agendis,

256 1813 368 1886 quum
392 1787 532 1862 artificii
565 1812 708 1887 genere,
749 1797 825 1862 tum
857 1791 1001 1887 propria
1032 1791 1204 1887 cujusque
1229 1789 1369 1885 peritia,

256 1906 473 1992 rnaximum;
502 1904 540 1976 in
560 1903 841 1978 administranda
868 1904 1064 2002 republica,
1087 1904 1249 2011 nullum3
1272 1903 1373 1976 dissi·

256 2021 350 2095 milis
381 2021 419 2094 in
447 2019 701 2094 certaminibus
730 2021 856 2117 gloria,
887 2021 1073 2094 dissimilia
1104 2021 1210 2095 etiam
1241 2019 1372 2116 cuique

253 2138 374 2234 generi
393 2137 552 2234 praemia,
582 2137 708 2209 similis
732 2138 770 2209 in
795 2136 979 2212 sodalitate
1007 2137 1177 2211 conditio.
1201 2134 1254 2208 Ad
1278 2135 1372 2208 obti—
1487 2153 1488 2157 ¹

256 2252 394 2328 nendos
406 2253 573 2343 honores,
591 2252 635 2326 ad
651 2252 830 2328 ineundos
844 2255 1079 2351 magistratus,
1097 2253 1190 2326 nihil
1203 2249 1374 2325 referebat

255 2378 407 2465 poetane
437 2391 483 2442 an
509 2368 655 2459 tibicen,
684 2371 895 2466 magisterne
925 2369 1094 2446 docendis
1123 2367 1301 2443 actoribus
1326 2389 1372 2440 an

256 2485 481 2583 synagonista
499 2485 652 2582 tragicus
669 2486 773 2574 loret;
801 2487 862 2560 sed
886 2487 924 2559 in
946 2509 1087 2560 summa
1110 2486 1202 2583 juris
1224 2483 1372 2582 aequali-

256 2608 327 2675 tate
345 2625 470 2674 omnes
485 2599 715 2675 versabantur
738 2599 749 2699 (
777 2600 803 2700 ).

305 2718 510 2792 Artificibus
529 2719 636 2814 igitur
657 2719 826 2792 universis
850 2716 946 2792 idem
962 2720 1022 2817 jus
1040 2717 1180 2792 ferendi
1199 2717 1370 2815 suffragii,

256 2836 352 2910 idem
362 2833 536 2910 adeundae
550 2835 744 2919 concionis,
756 2859 866 2931 penes
875 2860 983 2932 quam
995 2860 1136 2910 summa
1149 2859 1269 2909 rerum
1283 2842 1370 2908 erat.

257 2953 377 3037 Quum
404 2951 543 3025 decreta
569 2951 778 3046 simpliciter
806 2951 1047 3026 inscribantur
1076 2951 1161 3043 ἔδοξε
1189 2965 1233 3042 τῷ
1261 2963 1371 3042 κοινῷ,

257 3069 444 3144 verisimile
459 3071 598 3145 videtur
617 3071 755 3144 nullam
771 3071 980 3145 relationem
999 3095 1064 3167 per
1079 3055 1302 3168 magistratus
1323 3069 1339 3141 l
1359 3111 1374 3124 ·

256 3187 419 3261 ciendam
438 3185 559 3276 fuisse,
578 3185 721 3260 nullum
735 3186 946 3284 upodotteopo
961 3210 981 3261 a
996 3194 1118 3264 senatu
1134 3194 1195 3261 aut
1209 3185 1371 3275 consiliu,

256 3304 318 3400 qui
338 3326 414 3376 mos
433 3308 553 3376 tamen
569 3302 607 3373 in
623 3303 721 3376 omni
737 3304 872 3376 Graecia
889 3302 1053 3394 invaluit,
1075 3311 1156 3377 ante
1170 3326 1374 3400 proponen-

256 3418 343 3491 dum
356 3442 464 3514 quam
478 3418 634 3515 legitime
648 3419 803 3515 populus
816 3419 861 3493 ad
882 3418 1048 3516 suffragia
1064 3428 1264 3494 vocaretur.
1283 3421 1375 3492 Con-

258 3536 387 3609 vocatis
403 3533 511 3632 igitur
524 3536 561 3608 in
579 3535 730 3627 curiam,
754 3543 962 3632 βουλευτήριον
988 3537 1053 3630 (3),
1076 3536 1272 3611 artificibus
1287 3536 1375 3608 uni-

167 3706 169 3711 ·
257 3652 379 3743 versis,
399 3659 587 3748 postquam
607 3653 867 3749 unusquisque,
890 3659 996 3749 prout
1015 3659 1090 3727 erat
1108 3653 1292 3750 ingenium
1313 3657 1375 3725 aut

298 3919 339 3999 (l)
355 3918 535 3997 AthenaeuS,
556 3921 636 3994 Xlll‚
653 3939 681 4000 p.
698 3923 767 3982 cut.
893 3989 894 3993 ,

297 4013 340 4094 (ἓ)
361 4016 536 4092 Operarum
550 4012 713 4094 (ὑπηρεσίαι)
731 4032 866 4094 quarum
883 4014 916 4074 in
939 4015 1061 4077 duobus
1082 4015 1182 4078 titulis
1198 4015 1318 4078 mentio
1339 4013 1375 4077 tit

258 4107 308 4188 (Le
322 4109 382 4167 Bas
396 4111 428 4167 et
442 4105 669 4184 Waddington,
683 4106 778 4167 ,Insere
795 4107 1055 4186 d'Asie-Mioeure,
1074 4113 1144 4180 281,
1165 4111 1188 4170 l.
1211 4113 1260 4187 37,
1277 4111 1371 4172 Inscr.

258 4201 394 4277 Andan,
408 4200 430 4260 l.
445 4199 506 4279 98),
517 4200 636 4261 scilicet
644 4220 754 4262 eorum
764 4203 818 4281 qui
831 4202 993 4264 actoribus
1003 4209 1035 4264 et
1044 4203 1171 4264 musicis
1181 4203 1376 4283 apparebant

258 4295 382 4355 nullum
400 4294 463 4373 jue,
479 4292 567 4355 nulla
581 4295 736 4373 dignitas3
755 4297 870 4377 quippe
889 4298 921 4358 id
935 4297 1102 4358 ministerii
1120 4316 1220 4377 genus
1234 4316 1291 4376 per
1309 4317 1373 4359 ser-

257 4408 313 4450 vos
327 4392 382 4449 aut
395 4386 524 4448 libertos
537 4396 738 4468 procuratum
754 4390 848 4451 fuisse
863 4391 996 4452 videtur.

301 4483 341 4563 (3)
356 4479 514 4558 Philostr.,
539 4481 604 4542 Vita
617 4481 762 4564 Sophiae,
777 4485 814 4561 ll,
831 4488 880 4546 82.
