3248 5296
729 509 888 568 ..13-

254 640 358 713 ludos
373 638 532 714 eundum
547 646 649 726 esset,
669 639 802 713 mulcta
816 638 915 713 mille
930 641 1184 720 drachmarum
1201 644 1366 740 irrogata,

255 758 283 830 si
298 757 378 854 quis
391 758 592 851 designatus
602 756 768 852 imposito
779 758 923 831 muneri
933 756 1081 833 deesset.
1091 761 1369 835 Excusationum

255 897 415 970 quoque,
436 872 552 946 morbi
570 879 633 946 aut
647 874 774 947 hiemis
789 897 908 962 causa,
927 898 1037 971 penes
1050 877 1264 950 concionem
1273 877 1370 974 judi-

255 991 363 1076 cium,
385 990 434 1062 ita
453 996 604 1076 utrem,
623 989 798 1086 suffragiis
813 998 953 1062 tantum
967 990 1059 1078 latis,
1077 991 1235 1087 legitime
1252 991 1370 1066 absol-

255 1111 393 1178 veretur
413 1102 478 1202 (l).
499 1109 548 1176 Ex
562 1127 644 1200 que,
663 1129 868 1203 quanquam
883 1129 957 1180 non
974 1107 1072 1180 aliud
1083 1105 1201 1180 adhuc
1215 1110 1371 1181 occurrit

254 1221 472 1318 exemplum,
502 1221 543 1294 fit
567 1221 751 1318 probabile
770 1247 879 1319 penes
908 1222 1084 1320 populum
1112 1226 1234 1299 omnia
1263 1225 1369 1299 luisse

249 1339 397 1435 judicia.
571 1338 574 1340 ’

302 1455 423 1541 Quum
442 1454 480 1526 in
501 1461 552 1528 tot
571 1460 605 1528 et
628 1461 699 1528 tam
719 1457 856 1552 magnis
880 1455 987 1529 rebus
1007 1480 1147 1530 summa
1173 1457 1263 1532 soret
1283 1458 1372 1532 uni-

254 1573 344 1646 versi
369 1571 507 1645 consilii
535 1579 711 1668 potestas,
739 1573 830 1646 nihil
858 1586 976 1648 tamen
1010 1575 1056 1648 ad
1087 1574 1370 1650 conservandum

255 1688 489 1785 collegiorum
515 1689 724 1786 popularem
748 1697 879 1763 statum
900 1692 1010 1787 magis
1037 1691 1147 1764 valuit
1168 1715 1277 1788 quam
1297 1716 1371 1764 ma-

254 1804 465 1902 gistratuum
484 1800 587 1893 r'atio,
615 1806 652 1876 in
673 1829 744 1901 qua
770 1805 1040 1903 diligentissime
1069 1809 1249 1904 provisum
1270 1818 1309 1881 ut
1329 1810 1367 1897 ii,

253 1920 384 2018 quibus
403 1920 632 1995 mandaretur
657 1923 882 2020 reipublicae
908 1925 1111 2020 procuratio
1131 1933 1166 1998 et
1193 1924 1372 1999 adminis-

254 2040 372 2128 tratio,
390 2062 409 2112 e
427 2038 561 2135 populo
582 2063 723 2136 semper
736 2040 947 2136 penderent.
966 2043 1119 2138 Quippe,
1138 2066 1211 2116 non
1226 2042 1295 2115 nisi
1309 2067 1373 2139 per

255 2155 427 2253 suffragia
440 2163 474 2229 et
488 2156 618 2228 annuis
633 2155 779 2245 vicibus,
798 2156 992 2231 sacerdotia
1007 2165 1040 2230 et
1059 2159 1283 2253 magistratus
1301 2159 1373 2232 adi-

254 2273 342 2370 pisci
356 2271 500 2360 licebat,
518 2279 553 2345 et
569 2274 731 2347 muueris
754 2274 909 2370 suscepti
925 2275 1079 2347 rationes
1095 2273 1307 2365 reddendae,
1322 2281 1372 2349 at·

254 2413 324 2486 que
352 2391 457 2465 etiam
478 2391 516 2463 in
543 2390 619 2487 ipso
639 2414 746 2464 eursu
770 2391 933 2483 honoris,
959 2393 987 2464 si
1015 2393 1103 2489 quid
1121 2393 1252 2490 negotii
1276 2398 1373 2465 extra

252 2507 416 2581 ordinem
432 2510 649 2596 occurrebat,
668 2508 758 2580 nihil
774 2515 899 2604 sponte
914 2530 977 2580 sua
991 2509 1119 2605 agendi
1132 2509 1281 2583 facultas
1295 2533 1370 2583 ma-

252 2624 455 2723 gistratibus
466 2648 645 2713 concessa,
660 2626 722 2698 sed
734 2648 791 2696 res
801 2623 951 2720 priusad
963 2622 1137 2720 populum
1149 2624 1368 2699 revocandae.

255 2747 428 2818 Praeterea
448 2753 584 2839 corpus
598 2743 869 2838 magistratuum
889 2741 1031 2813 nullum
1050 2740 1133 2832 suit,
1161 2740 1221 2815 sed
1241 2742 1372 2839 singuli

256 2883 320 2957 pro
336 2883 485 2933 munere
500 2881 564 2932 suo
580 2881 662 2931 cum
678 2857 812 2954 pupulo
827 2856 989 2953 agebant.

306 2978 442 3051 Primas
457 2984 566 3068 tenet,
582 2977 620 3048 in
633 2975 812 3072 plerisque
826 2972 1017 3070 lapidibus,
1037 2974 1214 3063 sacerdos;
1239 2975 1317 3071 qui,
1333 2982 1374 3047 ut

258 3103 312 3169 est
335 3100 614 3169 consentaneum
640 3101 675 3166 et
705 3092 831 3165 titulus
856 3091 1002 3188 quidam
1037 3091 1166 3164 diserte
1196 3091 1370 3180 declarat,

257 3212 388 3286 Bacchi
408 3209 590 3298 sacerdos;
615 3210 653 3281 in
675 3209 767 3297 aliis,
794 3209 970 3282 artificum
995 3215 1056 3282 aut
1076 3206 1214 3304 collegii
1235 3207 1286 3307 (2)
1299 3235 1308 3296 ;
1336 3209 1373 3280 in

256 3328 433 3426 pluribus,
448 3326 546 3401 nude
565 3326 728 3399 sacerdos
743 3327 948 3398 nominatur
965 3322 1030 3423 (3).
1049 3329 1122 3397 Nec
1137 3326 1270 3396 mirum
1289 3348 1372 3397 sanc

257 3446 301 3519 iis
313 3443 469 3540 collegiis
485 3466 564 3540 quae
580 3466 616 3515 se
632 3443 689 3515 dei
703 3441 901 3538 patrocinio
918 3439 1129 3528 tuebantur,
1153 3440 1373 3513 sacerdotem

258 3562 442 3659 praeluisse
460 3560 577 3655 potius
597 3582 704 3655 quam
733 3558 871 3631 civilem
889 3557 1147 3652 magistratum.
1170 3557 1279 3653 Cujus
1302 3578 1375 3629 no-

259 3703 357 3769 meu,
384 3677 617 3774 uteponpmi,
644 3675 731 3749 actis
755 3674 968 3770 plerumque
997 3674 1230 3771 praeponitur,
1263 3673 1375 3768 magis

260 3803 378 3870 tamen
399 3793 546 3868 honoris
571 3814 676 3866 causa
700 3813 808 3886 quam
833 3798 872 3862 ut
898 3813 1015 3862 annus
1044 3796 1213 3862 notetur,
1228 3788 1373 3862 Nullam

261 3913 358 3985 euim
377 3910 550 4009 epocham
568 3908 634 3982 sibi
654 3907 871 4004 peculiarem
888 3908 1067 3980 artificum
1088 3906 1236 4003 collegia
1250 3931 1375 4004 seque·

300 4133 342 4216 (t)
363 4139 405 4197 Le
426 4135 487 4196 Bas
505 4138 537 4195 et
558 4132 787 4210 Waddiugton,
812 4131 1001 4214 Inscriptiocr
1021 4128 1280 4207 dilue-Minoum,
1303 4134 1373 4208 281,

259 4231 279 4289 l.
297 4233 387 4292 17-26
401 4235 433 4289 et
447 4231 547 4290 3638.

301 4323 343 4402 (Ξ)
367 4323 482 4402 Corpus
496 4321 586 4383 inser.
599 4341 661 4402 pr„
677 4323 767 4395 3067,
785 4319 807 4382 l.
822 4324 839 4381 7
856 4325 887 4381 et
901 4323 936 4392 93
949 4353 987 4365 -
999 4322 1087 4396 3070,
1101 4322 1190 4381 3072.

304 4417 345 4496 (3)
367 4416 486 4493 ldidcrn,
510 4418 588 4478 3068
611 4418 654 4490 A3
675 4417 753 4478 3068
774 4417 797 4475 Β
809 4435 817 4490 ;
838 4415 880 4475 Le
901 4416 961 4474 Bas
983 4419 1015 4474 et
1035 4414 1261 4494 Waddington,
1282 4411 1375 4476 laser.

260 4510 526 4586 d'Asiedlr'neure,
539 4515 589 4573 ab
