3120 5302
702 443 860 502 ..53-

220 569 332 656 diurn,
356 591 468 665 quum
492 571 708 646 Macedoniae
730 576 904 670 Cyprique
920 595 1018 669 reges
1033 578 1068 645 et
1081 571 1333 646 Thessalorum

219 687 358 780 tyranni
374 688 576 759 Graecarum
593 689 722 761 artium
746 690 934 786 splendore
956 688 1136 762 nobilitari
1155 687 1282 762 vellent
1301 696 1335 762 et

218 800 377 874 latiorem
389 804 494 875 etiam
509 827 675 900 campum
690 806 866 878 artificum
880 806 1064 881 industriae
1075 827 1173 876 arma
1185 803 1336 877 Alexan-

219 916 272 990 dri
287 919 522 1014 aperuissent.
538 920 645 992 Nulla
661 943 736 993 non
754 922 874 994 civitas
888 922 1069 994 theatrum
1084 945 1188 994 suurn
1204 923 1335 994 exstrui

220 1034 364 1130 cupivit,
384 1042 423 1106 ut
442 1035 549 1130 paulo
569 1035 661 1109 inlra
680 1037 717 1108 in
739 1037 864 1110 insulis
874 1038 982 1134 AEgaei
1004 1038 1110 1110 maris
1125 1036 1332 1111 videbimus.

221 1147 262 1221 ln
281 1151 363 1222 Asia
380 1173 475 1240 vero,
498 1174 570 1223 non
589 1150 670 1224 dico
693 1153 729 1224 in
752 1154 862 1237 Ionia,
884 1153 1000 1225 AEolia
1022 1160 1084 1226 aut
1105 1155 1219 1241 Caria,
1237 1154 1335 1249 jarn-

220 1262 357 1337 dudum
376 1266 421 1338 ad
437 1289 495 1338 eas
510 1273 602 1339 artes
618 1267 767 1341 coloniis
782 1254 905 1365 graecis
922 1271 1111 1360 conversis,
1134 1271 1195 1342 sed
1214 1270 1252 1341 in
1268 1269 1338 1365 Lp-

220 1381 272 1454 cia
292 1387 327 1452 et
344 1380 564 1478 Pamphylia,
581 1381 704 1456 effossa
724 1384 942 1457 theatrorum
962 1383 1091 1458 rudera
1106 1383 1257 1474 Alindae,
1271 1387 1335 1457 Pa-

220 1503 317 1583 terae,
331 1494 464 1567 Xanthi
484 1493 634 1590 aliisque
655 1496 692 1567 in
705 1495 854 1569 urbibus
873 1519 945 1570 non
967 1498 1014 1569 ita
1030 1497 1224 1572 nobilibus.
1242 1499 1336 1584 Quid

220 1610 255 1684 iu
270 1611 369 1684 novis
386 1611 493 1707 Syria
508 1612 720 1707 AEgyptique
735 1614 851 1710 regnis
866 1637 1019 1710 quorum
1036 1612 1187 1702 domini,
1204 1617 1335 1688 Graecae

219 1725 365 1820 originis
384 1748 573 1812 memores,
590 1731 747 1799 veterem
762 1726 936 1801 Graeciam
951 1751 1093 1825 aeqnare
1109 1733 1215 1825 atque
1229 1729 1336 1803 etiam

220 1864 387 1937 superare
411 1840 676 1938 magnificentia
698 1841 866 1916 ludorum
884 1850 919 1918 et
936 1848 1169 1940 apparatuum
1186 1845 1335 1941 sumpti-

220 1955 287 2030 bus
307 1956 542 2031 studuerunt?

271 2076 405 2147 Etanta
421 2077 657 2148 certaminum
678 2078 896 2149 musicorum
912 2075 1113 2170 frequentia
1130 2076 1212 2147 satis
1226 2099 1334 2172 appa-

220 2195 273 2261 ret
292 2198 426 2285 quanta
445 2193 666 2265 scenicorum
686 2191 918 2287 collegiorum
938 2214 1046 2285 opera
1063 2214 1139 2263 esse
1156 2190 1332 2264 debuerit.

219 2305 304 2390 Quis
337 2305 446 2378 luerit
473 2307 650 2379 artificum
679 2330 849 2379 numerus
877 2313 1030 2378 statuere
1057 2330 1129 2380 non
1154 2306 1249 2396 licet,
1273 2309 1335 2380 sed

220 2426 358 2494 tantum
375 2445 394 2495 e
409 2424 531 2519 paucis
543 2422 768 2497 documentis
785 2425 1027 2519 conjecturam
1042 2423 1168 2497 lacere.
1186 2423 1336 2497 Alexan·
1419 2518 1422 2526 Ι

219 2533 273 2608 dri
290 2544 463 2632 ternpore,
479 2541 546 2610 tria
564 2539 679 2613 millia
696 2527 872 2612 artificum
890 2540 926 2611 iu
946 2546 1120 2613 extremos
1137 2539 1227 2612 Asiae
1245 2540 1336 2612 fines

218 2674 293 2724 sese
313 2653 543 2726 contulerunt
560 2653 631 2751 (t);
662 2654 898 2744 Alexandriae,
921 2654 959 2725 in
988 2678 1061 2728 una
1086 2678 1216 2750 pompa
1245 2657 1336 2751 regis

217 2766 416 2856 Ptolemaei,
439 2768 643 2857 citharista,
667 2793 822 2865 quorum
840 2768 998 2852 solorum
1021 2768 1171 2842 traditus
1196 2776 1249 2842 est
1267 2795 1335 2842 nu-

218 2906 348 2971 meruS,
362 2884 567 2957 cecinerunt
587 2887 733 2959 trecenti
748 2888 809 2980 (ἓ).
829 2886 920 2956 Hinc
936 2884 1088 2956 aestimes
1106 2906 1214 2978 quam
1231 2883 1335 2955 multi

217 2998 256 3069 in
278 3021 349 3072 uno
372 2998 522 3096 collegio
544 3000 651 3072 simul
672 3001 797 3072 versati
819 2999 901 3070 sint.
925 3001 1027 3071 Certe
1049 2999 1194 3086 scimus
1220 3021 1332 3094 quum

217 3115 341 3186 Teium
375 3115 566 3210 collegium
596 3114 779 3188 Lebedum
809 3114 1066 3210 commigravit,
1100 3112 1333 3186 libentissime

218 3231 375 3303 scenicos
396 3254 416 3303 a
434 3231 599 3304 Lebediis
613 3237 774 3328 acceptos
792 3230 913 3316 luisse,
937 3230 1027 3303 laetis
1047 3228 1143 3328 quod
1162 3229 1244 3302 urbi
1259 3254 1332 3302 suae

218 3344 416 3418 incolarum
441 3346 682 3442 infrequentia
707 3331 892 3442 languenti
918 3346 1015 3420 haud
1034 3370 1141 3442 parva
1159 3345 1258 3420 lieret
1276 3370 1334 3419 ac-

218 3462 327 3534 cessio
346 3459 411 3559 (3).

268 3576 445 3651 Plurimos
464 3579 502 3650 in
517 3602 733 3677 unoquoque
754 3578 903 3674 collegio
924 3580 1040 3650 omnis
1056 3578 1196 3674 generis
1217 3564 1335 3649 sceni-

218 3716 276 3766 cos
293 3693 400 3766 luisse
415 3695 586 3790 oportuit,
603 3695 665 3791 qui
681 3703 752 3767 tam
774 3693 968 3785 multarum
987 3692 1129 3766 urbium
1149 3692 1243 3765 ludis
1261 3693 1335 3765 sul·

217 3808 373 3883 ficerent.
393 3809 556 3881 Primum
580 3811 677 3883 enim
700 3811 739 3883 in
760 3833 836 3898 sua,
861 3816 899 3883 ut
917 3811 965 3882 ita
991 3810 1120 3898 dicam,
1137 3809 1333 3904 provincia,

217 3924 406 4021 collegium
431 3927 571 4013 Teium,
600 3927 670 3998 sive
693 3949 735 4001 ex
760 3925 906 3998 arbitrio
928 3947 992 3998 suo
1016 3924 1087 3996 sive
1110 3931 1263 4019 epacto,
1290 3925 1335 3996 ad

219 4041 421 4137 peragenda
435 4043 472 4113 iu
492 4039 692 4114 civitatibus
713 4041 879 4137 Dionysia
898 4045 960 4114 aut
975 4040 1045 4114 alia
1063 4038 1163 4127 festa,
1181 4040 1333 4113 artifices

258 4330 298 4409 (l)
323 4329 490 4399 Plutarch,
511 4327 674 4402 Alexand,
691 4332 741 4388 72.
754 4360 795 4373 -
807 4325 848 4407 (ἓ)
866 4325 1047 4401 Athenaeus,
1062 4327 1100 4401 V,
1116 4325 1167 4387 ch.
1184 4328 1233 4388 34.

259 4424 301 4501 (3)
323 4423 447 4498 Strabo,
463 4424 542 4496 XIV,
560 4440 580 4495 1,
593 4427 642 4483 29.
