3120 5302
697 528 737 542 ..
755 497 793 556 24
814 527 855 541 ..

219 625 341 699 multis
356 649 469 724 quum
483 627 622 722 pietatis
635 625 802 699 adversus
815 625 901 698 deos
915 632 991 698 tum
1008 624 1263 698 benevolentiae
1278 628 1337 699 ad-

113 818 118 831 ,
217 767 338 816 versus
357 744 510 816 artifices
526 743 748 816 documentis
764 743 962 837 insignem,
985 741 1108 813 multis
1126 764 1208 837 erga
1225 740 1337 814 colle-

217 860 317 954 gium
329 857 457 932 officiis
478 857 763 953 comprobatum,
777 856 947 953 praeclare
963 855 1123 929 sunctum
1145 859 1242 930 omui
1260 880 1338 930 mu-

219 998 347 1048 nerum
360 982 394 1047 et
410 975 678 1070 magistratuum
693 975 794 1048 serie.
814 977 918 1046 Hunc
932 979 1051 1046 autem
1062 980 1250 1068 quaesturae
1264 997 1336 1045 suae

221 1115 357 1164 aunum
377 1091 407 1162 is
421 1094 515 1164 Zeno
531 1089 665 1187 duplici
681 1090 882 1164 officiorum
895 1111 1025 1186 genere
1038 1090 1190 1163 maxime
1205 1113 1338 1164 memo-

221 1208 372 1281 rabilem
389 1207 516 1280 effecit.

271 1324 447 1397 AErarium
466 1325 575 1414 auxit,
604 1325 738 1398 reditus
756 1325 909 1422 collegii,
931 1325 991 1421 qui
1017 1323 1177 1397 eluudis
1193 1332 1254 1399 aut
1276 1349 1339 1421 pe·

223 1440 338 1513 cuniis
359 1426 502 1514 61666116
524 1447 630 1537 atque
651 1443 775 1516 ceteris
794 1440 831 1512 id
854 1464 966 1537 genus
986 1439 1090 1513 bonis
1116 1440 1337 1526 constabant,

224 1556 408 1651 diiigenter
435 1557 681 1652 persequendo
706 1564 741 1630 et
766 1558 804 1629 in
833 1557 1018 1653 publicum
1048 1557 1239 1651 redigendo
1271 1556 1282 1653 (
1313 1554 1337 1652 ).

223 1671 296 1744 Ν66
317 1672 454 1745 minore
471 1670 650 1768 diligentia
673 1673 862 1767 pecuniam
883 1673 1119 1768 suppeditavit
1133 1671 1342 1768 utlegitima

225 1811 323 1862 sacre
341 1812 483 1886 quoque
505 1805 626 1862 mense
644 1789 903 1885 perficerentur
921 1785 987 1886 (2),
1005 1795 1041 1861 61
1058 1789 1282 1861 decretorum
1297 1786 1341 1860 ab

226 1903 422 1978 artificibus
436 1905 616 1978 honorum
636 1927 798 2000 expensae
813 1904 1033 1977 solverentur
1049 1902 1061 2002 (
1088 1902 1115 2002 )

276 2024 360 2094 Haec
380 2021 502 2094 omnia
517 2021 676 2092 muneris
690 2021 834 2116 propria
849 2003 885 2092 et
898 2019 1036 2116 legibus
1052 2019 1243 2094 decretisve
1263 2041 1345 2114 pro·

227 2138 299 2209 visa
315 2137 396 2234 jure
415 2160 479 2210 suo
505 2143 539 2210 et
559 2159 621 2232 per
642 2160 678 2210 66
702 2143 857 2232 quaestor
881 2136 1040 2233 perfecit.
1064 2135 1130 2210 Illa
1153 2157 1234 2209 vero
1263 2157 1344 2230 quae

228 2253 347 2326 studio
372 2253 575 2326 communis
598 2252 759 2326 utilitatis
784 2252 960 2349 impulsus
992 2252 1036 2326 od
1061 2249 1344 2326 subveniendum

229 2368 370 2464 collegii
384 2367 491 2441 rebus
507 2375 568 2442 aut
585 2369 629 2442 ad
651 2370 853 2465 augendum
876 2369 1103 2465 splendorem
1124 2367 1341 2463 excogitavit,

229 2483 273 2557 ad
293 2483 467 2580 populum
486 2483 670 2558 reserenda
687 2484 843 2573 suerunt,
862 2484 1238 2571 orationibustuenda,
1261 2483 1345 2556 arti·

229 2599 339 2672 ticum
353 2600 538 2672 sententiis
553 2598 831 2695 comprobanda,
850 2625 930 2696 quae
942 2623 1010 2673 neo
1027 2599 1205 2695 suscipere
1220 2603 1345 2693 sponte

230 2736 294 2786 666
315 2720 450 2808 poterat
469 2736 536 2786 nec
554 2737 676 2786 rursus
696 2713 815 2786 subire
829 2714 1032 2810 cogebatur.
1073 2717 1222 2799 «Quum
1241 2710 1346 2784 multi

231 2853 250 2902 e
268 2828 432 2925 pluribus
449 2829 552 2903 anuis
574 2853 691 2903 moras
709 2830 936 2904 restituendae
958 2831 1120 2926 pecuniae
1142 2830 1344 2915 traherent,

231 2953 312 3019 ante
327 2943 502 3041 populum
522 2968 582 3019 eos
595 2944 765 3048 indicarit
770 3001 841 3018 .....
861 2953 895 3020 61
912 2947 1077 3018 invitatus
1093 2945 1137 3018 ab
1152 2943 1348 3018 artificibus

232 3062 366 3136 curarit
385 3069 425 3133 ut
447 3060 564 3135 debita
583 3067 811 3159 recuperaret
830 3060 896 3161 (1).
913 3091 929 3130 »
960 3062 1058 3135 ldem
1090 3062 1217 3157 saepius
1242 3059 1349 3133 rerba

232 3178 314 3250 lecit
335 3184 373 3249 ut
394 3177 553 3250 scenicos
577 3178 622 3251 ad
647 3177 850 3275 ponendam
877 3178 1005 3251 Bacchi
1023 3184 1174 3251 statuam
1199 3183 1260 3249 aut
1285 3199 1350 3272 pa-

231 3292 343 3368 randa
366 3315 507 3388 eaquae
533 3295 570 3366 in
590 3294 723 3390 templo
747 3294 907 3368 ornando
931 3302 993 3368 aut
1017 3294 1115 3367 sestis
1139 3292 1350 3390 peragendis

231 3409 313 3482 usui
335 3415 452 3481 esseut
477 3410 600 3482 autad
623 3410 841 3506 perficienda
860 3412 1011 3486 aedificia
1029 3411 1194 3485 inchoata
1218 3410 1349 3506 impel-

232 3516 320 3598 leret
345 3520 410 3622 (5).
440 3527 525 3610 Qua
545 3548 654 3621 quum
678 3527 843 3599 secundis
867 3527 1014 3600 auribus
1039 3534 1183 3623 accepta
1207 3533 1348 3614 essent,

231 3647 329 3714 extra
347 3641 534 3737 proprium
549 3642 709 3714 muneris
727 3641 887 3715 officium
913 3645 1095 3731 invitatus,
1121 3643 1243 3717 omnia
1258 3666 1351 3739 pru-

233 3758 358 3831 denter
369 3754 520 3830 locanda
534 3763 596 3829 aut
610 3759 822 3831 exstruenda
837 3759 970 3832 curarit
990 3757 1002 3857 (
1029 3757 1055 3857 ).

284 3875 400 3948 Ceteri
423 3875 647 3970 magistratus
671 3875 808 3972 Argivae
834 3873 1028 3948 sodalitatis
1055 3876 1209 3949 universi
1228 3875 1351 3949 nomi-

234 3996 364 4065 nantur
378 3989 446 4087 (7);
464 3991 598 4062 mentio
619 3989 809 4086 peculiaris
831 3991 955 4065 scribae
977 3993 1053 4088 qui,
1078 3993 1170 4065 inter
1192 3990 1275 4079 alia,
1299 3991 1351 4065 16-

275 4193 317 4274 (1)
337 4197 485 4272 Foucart,
500 4192 599 4255 Iteooe
611 4194 750 4271 credent,
767 4198 856 4272 1870,
872 4201 896 4256 1.
913 4198 951 4268 11,
967 4215 999 4276 p.
1017 4200 1085 4272 tor,
1104 4197 1126 4258 1.
1143 4199 1173 4258 8.

275 4288 317 4367 (1)
340 4287 499 4362 11111661.
515 4291 616 4349 16-
630 4287 670 4368 (3)
683 4288 836 4367 11161661.
854 4291 1055 4371 1131-(1)
1069 4290 1192 4367 Ibiden,
1209 4291 1231 4352 l.
1249 4293 1350 4353 11112.

274 4380 318 4461 (6)
340 4379 459 4455 tuideo,
476 4380 499 4441 1.
513 4384 614 4458 rem,
628 4385 735 4443 6666.

279 4477 320 4553 (6)
340 4474 462 4548 Ibidem,
480 4473 502 4537 l.
518 4476 565 4543 18.
581 4477 631 4538 at.
642 4511 682 4522 -
695 4476 736 4558 (1)
756 4477 881 4553 Ibidem,
898 4478 920 4542 l.
935 4480 985 4541 36.
1102 4541 1104 4546 ,
