3248 5296
732 547 892 609 ...91-

252 685 347 783 Sylla
366 687 452 756 tunc
471 679 692 754 destructum
708 680 816 754 luisse
838 679 1034 755 admodum
1054 679 1286 778 probabiliter
1306 679 1371 754 de·

254 807 490 879 monstratum
506 804 558 869 est
570 797 633 893 (l).

300 920 373 994 Sed
389 917 542 992 breviter
561 916 701 989 transiit
716 915 868 1013 Syllana
884 913 1048 988 vindicte
1064 914 1232 1013 procella,
1254 939 1370 1012 neque

253 1041 327 1135 ipse
352 1037 464 1108 vietor
491 1035 715 1106 scenicorum
736 1034 871 1130 generi,
897 1033 958 1105 sed
987 1032 1050 1104 uni
1079 1033 1195 1105 Attico
1219 1032 1369 1130 collegio

253 1154 425 1228 intensus.
452 1156 598 1247 Nempe,
616 1150 734 1222 lractis
755 1149 967 1222 Mithridatis
983 1145 1149 1240 ducibus,
1164 1148 1270 1223 ludos
1290 1174 1371 1223 sce-

254 1272 353 1344 nicos
366 1269 497 1342 Thebis
518 1268 628 1341 edidit
646 1266 706 1366 (Ξ)
724 1268 940 1364 Plerumque
955 1266 1125 1340 benevole
1146 1276 1180 1342 et
1203 1293 1245 1341 ex
1263 1270 1370 1341 insti-

253 1389 336 1461 tutis
354 1387 477 1484 grecis
492 1387 644 1458 Romani
663 1386 894 1481 imperatores
915 1407 999 1481 erga
1024 1385 1182 1457 scenicos
1202 1408 1276 1458 sese
1296 1409 1373 1482 ges-

254 1512 387 1577 serunt.
420 1502 591 1598 Exemplo
616 1508 667 1573 est
696 1502 844 1589 Brutus,
872 1503 946 1598 qui,
981 1526 1095 1597 quum
1117 1509 1249 1597 praetor
1269 1501 1373 1576 ludos

255 1644 363 1716 quam
385 1618 691 1714 splendidissimos
708 1619 813 1690 edere
833 1624 990 1713 cuperet,
1012 1618 1085 1712 ipse
1110 1642 1146 1689 se
1169 1619 1369 1714 Neapolim,

253 1737 316 1808 ubi
347 1735 494 1832 plurimi
521 1735 672 1807 artifices
704 1733 948 1820 versabantur,
982 1733 1153 1820 contulit;
1186 1757 1372 1830 quumque

256 1876 347 1927 unus
367 1875 409 1924 ex
428 1851 471 1923 iis
493 1856 704 1940 moraretur,
720 1851 859 1947 scripsit
877 1847 922 1922 ad
937 1850 1069 1923 amicos
1089 1851 1151 1946 qui
1171 1852 1203 1923 ei
1223 1859 1260 1922 ut
1276 1850 1372 1922 ludis

253 1970 389 2042 adesset
415 1967 682 2064 persuaderent,
717 1990 834 2064 neque
865 1968 963 2039 enim
995 1964 1121 2039 decere
1149 1990 1369 2064 quemquam

256 2088 417 2158 Graecum
439 2084 623 2156 hominem
649 2083 726 2179 cogi
745 2081 811 2181 (3)
831 2087 965 2154 Rursus
987 2083 1118 2155 scenici
1139 2086 1233 2156 circa
1247 2091 1373 2180 poten-

255 2209 319 2290 tes,
340 2224 493 2298 quorum
509 2202 657 2298 gratiam
676 2207 738 2272 aut
753 2223 902 2273 munera
923 2200 1147 2297 appetebant,
1168 2200 1374 2298 frequentes

255 2327 373 2406 erant;
399 2317 564 2392 nonnulli
584 2318 746 2414 privatim
768 2318 805 2388 in
830 2317 976 2389 Antonii
999 2316 1278 2389 familiaritatem
1304 2317 1373 2390 ad-

256 2437 368 2522 missi,
392 2436 549 2507 universi
571 2435 615 2507 ad
632 2439 762 2505 nutum
775 2434 866 2529 ejus,
889 2439 967 2529 post
991 2431 1188 2505 infaustum
1208 2431 1375 2507 adversus

257 2554 405 2627 Parthos
436 2552 584 2638 bellum,
616 2554 763 2626 Samum
783 2550 1051 2641 confluxerunt,
1079 2550 1182 2624 nullo
1217 2575 1377 2624 commu-

257 2672 357 2743 nium
374 2670 550 2742 malorum
570 2674 744 2764 respectu.
780 2697 794 2734 o
814 2671 932 2754 Quum
957 2668 1051 2741 circa
1071 2692 1196 2741 omnes
1218 2670 1376 2765 regiones

256 2788 413 2861 luctibus
442 2797 476 2859 et
498 2785 690 2883 gemitibus
715 2784 954 2880 replerentur,
983 2808 1055 2858 una
1079 2787 1157 2857 haec
1179 2787 1295 2858 insula
1315 2810 1378 2883 per

258 2907 378 3004 plures
398 2902 472 2976 dies
502 2903 669 2976 tibiarum
702 2910 736 2975 et
765 2902 891 2974 fidium
913 2908 1088 2976 concentu
1118 2903 1375 2999 perstrepebat,

257 3022 401 3118 repletis
416 3020 563 3093 theatris
579 3027 612 3092 et
629 3018 746 3091 choris
767 3017 985 3090 certantibus
1000 3015 1066 3116 (l).
1084 3048 1099 3085 o

308 3141 347 3210 ln
376 3137 445 3209 hoc
475 3141 595 3207 tamen
629 3135 852 3207 scenicorum
876 3158 1075 3230 graecorum
1113 3134 1208 3230 apud
1239 3135 1378 3209 nobiles

259 3254 348 3324 viros
358 3252 489 3338 lavore,
502 3251 664 3324 nondum
678 3252 802 3324 eadem
822 3251 943 3347 opinio
960 3251 1004 3324 ad
1017 3276 1141 3328 omnes
1156 3262 1374 3351 pervenerat,

258 3376 291 3441 et
318 3392 460 3441 neccsse
488 3369 555 3440 luit
580 3367 812 3463 scriptoribus
840 3367 1029 3464 plerosque
1047 3369 1241 3466 legentium
1257 3373 1379 3445 admo-

258 3509 343 3558 nere
363 3492 536 3582 quantum
550 3485 768 3557 discriminis
787 3484 877 3558 loret
898 3485 992 3556 inter
1012 3508 1143 3581 graecos
1168 3487 1320 3560 artitices
1345 3495 1380 3561 et

258 3603 387 3674 latinos
406 3602 611 3674 histriones.
640 3600 690 3673 lta
715 3603 833 3673 Livius
863 3627 870 3674 :
904 3631 919 3664 r
945 3605 1030 3673 Rem
1055 3603 1212 3676 Aristoni
1235 3603 1378 3677 cuidam

259 3719 391 3814 tragico
421 3718 546 3805 actori,
578 3719 634 3789 cui
662 3731 696 3789 et
722 3717 792 3789 alia
824 3740 953 3791 aroana
976 3719 1199 3792 committere
1216 3720 1381 3793 adsuerat

261 3837 399 3907 incaute
421 3835 532 3929 aperit
555 3832 879 3932 (Andranodorus).
905 3834 997 3906 Huic
1012 3843 1045 3906 et
1062 3859 1173 3931 genus
1189 3848 1222 3910 et
1237 3837 1381 3911 fortuna

260 3952 410 4023 honesta
430 3961 548 4036 erant;
566 3972 632 4022 nee
654 3972 721 4038 ars,
741 3951 826 4045 quia
844 3949 935 4021 nihil
956 3949 1025 4023 tale
1042 3951 1138 4047 apud
1156 3955 1296 4026 Graecos
1311 3978 1380 4051 pu-

261 4068 335 4141 dori
366 4083 429 4157 est,
462 4090 502 4139 ea
532 4065 752 4139 deformabat
783 4064 844 4162 (5).
878 4096 893 4133 o
928 4067 1033 4141 Haud
1061 4067 1166 4142 aliter
1195 4070 1381 4143 Cornelius

300 4281 342 4362 (t)
363 4283 412 4342 Fr.
428 4283 628 4358 Lenormant‚
646 4279 855 4342 Recbercbesd
872 4263 904 4341 E'
906 4280 1004 4358 leusio,
1019 4301 1051 4361 p.
1068 4286 1125 4344 117
1140 4290 1171 4344 et
1188 4303 1252 4364 seq.

303 4377 344 4455 (X)
365 4376 531 4448 Plutarch,
544 4375 639 4455 Sylla,
658 4378 705 4437 le.
835 4400 837 4404 ·

302 4471 340 4547 (3)
362 4470 534 4546 Plutarch„
549 4470 654 4546 Brut,
666 4474 716 4532 21.
728 4504 768 4516 -
779 4468 822 4551 (l)
838 4471 1005 4548 Plutarch,
1021 4472 1140 4549 Arcton,
1156 4475 1205 4533 56.

301 4561 344 4644 (5)
364 4563 483 4640 Livius,
499 4565 639 4640 XXXIV,
655 4568 705 4626 nl.
